3106 5048
936 310 940 323 1

690 352 696 370 β
765 358 785 421 5

677 393 718 403 -ιιι
835 393 872 402 -

1055 425 1059 434 ι

297 539 432 605 Deinde
454 536 720 624 perquirendum
742 536 842 631 nobis
866 543 927 621 est,
952 559 1018 622 quo
1046 535 1146 602 modo
1169 536 1301 602 Nonius
1326 536 1363 601 in

83 732 86 738 ,
192 639 412 741 excerpendis
447 652 699 719 commentariis
734 652 853 739 egerit.
900 651 953 717 Ao
975 653 1125 740 primum
1149 652 1288 738 quidem
1311 651 1362 716 di-

191 770 336 836 cendum
359 778 420 855 est,
446 793 579 866 semper
602 769 672 835 fere
697 790 837 854 eaquae
854 747 1023 854 excerpsit
1039 768 1258 854 exscripsisse
1275 790 1362 852 eum,

100 938 103 961 ,
190 887 239 951 111
261 893 300 972 11
322 887 427 953 verba
447 909 588 972 quoque,
613 909 698 970 quae
721 884 763 950 ad
784 884 878 971 prius
894 885 1154 970 pronuntiatum
1177 884 1361 971 pertinent,

190 1001 371 1067 dummodo
388 1002 507 1087 epdern
523 997 625 1066 versu
642 1001 910 1085 continerentur,
940 1024 1005 1086 quo
1029 1001 1222 1087 exemplum
1251 998 1362 1085 profe-

179 1098 332 1183 rendum
356 1117 514 1203 dabatur,
548 1118 702 1203 quamvis
726 1140 746 1181 a
769 1116 961 1181 sententiae
996 1138 1098 1181 sensu
1133 1120 1247 1181 essent
1281 1116 1361 1180 alie·

189 1234 341 1319 nissima,
376 1242 492 1299 tamen
526 1256 596 1299 non
638 1234 821 1299 omitteret.
879 1232 951 1298 Sed·
986 1232 1050 1298 hoc
1087 1232 1124 1296 in
1163 1231 1361 1296 ineuntibus

96 1434 99 1439 Ι
188 1355 323 1415 tantum
346 1350 510 1435 versibus,
534 1373 710 1435 nunquam
732 1349 770 1413 in
794 1349 995 1436 exeuntibus
1024 1348 1115 1413 fecit.
1149 1348 1363 1414 Sententiam

189 1473 302 1531 autem
325 1466 519 1530 inchoatam
541 1489 716 1551 nunquam
739 1465 776 1530 in
799 1463 910 1530 medio
934 1463 1047 1548 desiit,
1072 1463 1142 1528 sed
1164 1486 1290 1548 usque
1315 1464 1362 1528 ad

187 1582 348 1647 ultimum
370 1582 514 1646 verbum
537 1582 688 1667 protulit,
712 1580 775 1646 hac
799 1581 836 1646 in
858 1603 895 1645 re
920 1603 958 1645 eo
979 1603 1085 1665 usque
1107 1586 1298 1666 provectus,
1322 1585 1363 1644 ut

187 1721 293 1763 unum
327 1720 459 1784 quoque
489 1698 632 1763 verbum
659 1698 703 1762 ad
724 1697 817 1762 idem
850 1697 1110 1784 pronuntiatum
1142 1695 1319 1782 pertinens
1344 1717 1362 1759 e

188 1814 345 1899 sequenti
375 1837 477 1879 versu
504 1814 694 1900 protulerit,
716 1820 756 1879 ut
778 1837 811 1900 p.
839 1815 889 1878 12.
915 1812 1014 1878 Truc.
1039 1812 1083 1878 H.
1110 1813 1140 1877 7.
1168 1812 1307 1876 15-17.

193 1931 233 1994 15
947 1930 1042 1994 Haec

190 2038 231 2100 16
256 2037 343 2101 Cum
366 2036 467 2107 video
491 2036 575 2120 fieri,
601 2036 755 2122 suffuror,
781 2036 924 2123 suppilo,
950 2036 991 2100 de
1014 2035 1139 2123 praeda
1162 2033 1323 2121 praedam

190 2144 230 2207 17
256 2143 372 2230 Capio

189 2255 248 2314 aut
270 2251 364 2315 Pers.
388 2251 434 2316 H.
461 2251 488 2316 1.
513 2251 614 2315 2—3:

188 2358 208 2421 2
231 2357 344 2422 Nimis
368 2358 508 2424 tandem
531 2381 586 2422 me
610 2357 747 2443 quidem
770 2380 831 2444 pro
854 2356 959 2422 barda
983 2363 1018 2422 et
1040 2379 1101 2444 pro
1129 2358 1256 2422 rustica
1284 2340 1359 2421 reor

1208 2463 1360 2529 habitam
1432 2515 1435 2521 .

188 2555 208 2616 3
231 2554 317 2618 Esse
341 2553 400 2619 abs
424 2560 468 2620 te.
552 2575 554 2578 ·

188 2659 263 2725 alia.

294 2775 442 2841 Omnino
466 2777 515 2842 ita
540 2777 650 2842 fontes
675 2799 753 2841 suos
776 2777 907 2842 Nonius
932 2782 1067 2841 secutus
1096 2782 1162 2860 est,
1199 2781 1238 2840 ut
1272 2798 1358 2839 nun·

189 2913 290 2977 quam
313 2890 384 2956 fere
408 2893 588 2978 quicquam
611 2893 809 2976 mutaverit3
835 2890 989 2957 fecerunt
1019 2892 1110 2957 idem
1133 2892 1202 2956 illis
1226 2897 1356 2978 tempo-

187 3007 281 3071 ribus
306 3029 423 3072 omnes
446 3007 517 3073 fere
533 3008 756 3094 grammatici,
783 3008 871 3072 sicut
887 3008 1134 3073 demonstravit
1148 3007 1358 3093 Leidolphus

186 3124 208 3189 1.
234 3148 261 3189 1.
285 3147 317 3210 p.
335 3125 409 3190 202.
457 3125 589 3191 Nonius
624 3131 737 3189 autem
772 3130 872 3209 erat,¹
892 3130 932 3189 ut
967 3147 1068 3210 supra
1096 3122 1253 3208 diximuS,
1291 3129 1360 3186 tam

187 3241 311 3304 stultus
336 3246 370 3304 et
393 3240 524 3325 fatone,
548 3246 587 3304 ut
611 3241 648 3305 in
672 3263 770 3305 suum
794 3239 1006 3305 commodum
1030 3240 1151 3304 citatas
1174 3240 1263 3304 locos
1287 3261 1360 3302 mu·
1401 3230 1405 3247 ¹

186 3357 314 3421 tavisSe
338 3379 415 3422 eum
437 3357 497 3422 vix
521 3356 705 3421 credamus.
763 3357 1028 3441 Nonnumquam
1060 3360 1196 3439 tamen,
1230 3355 1291 3420 ubi
1318 3352 1361 3419 ad

188 3472 428 3538 declarandum
450 3474 574 3537 lemma
597 3471 709 3558 aliqua
736 3495 813 3559 pars
842 3495 960 3537 versus
989 3471 1073 3536 satis
1102 3494 1175 3535 esse
1205 3470 1237 3536 ei
1264 3469 1359 3535 vide·

187 3587 294 3672 batur,
313 3590 459 3653 alteram
481 3594 614 3675 partem
637 3595 695 3652 aut
713 3589 877 3652 nonnulla
900 3589 1004 3653 verba
1025 3587 1214 3652 sententiae
1238 3588 1360 3652 allatae

188 3704 312 3788 omisit,
338 3727 404 3789 qua
419 3716 455 3768 re
479 3704 516 3768 in
540 3727 579 3768 eo
596 3726 726 3789 quoque
743 3698 996 3789 commentaria
1022 3726 1087 3789 quo
1104 3727 1184 3768 usus
1202 3703 1256 3788 sit,
1277 3704 1361 3768 haec

187 3820 291 3884 verba
313 3819 479 3885 defecisse
502 3820 702 3885 concludere
725 3842 786 3898 nos
809 3843 879 3884 non
893 3843 992 3906 posse
1013 3827 1280 3885 consentaneum
1296 3825 1357 3884 est.

187 3935 236 4001 Ut
259 3937 411 4020 exempla
434 3935 615 4022 proferam:

293 4073 327 4135 p.
345 4052 408 4115 533
432 4051 682 4118 11111115
706 4051 768 4116 sub
792 4053 903 4118 lemm.
932 4046 1065 4137 ,horia“
1089 4052 1221 4117 Nonius
1246 4051 1362 4116 affert:-

191 4166 327 4252 ῃ811111
349 4165 473 4251 horiae,
498 4168 584 4233 mari
606 4162 803 4253 fluctuoso“,
825 4168 885 4235 ubi
899 4169 1042 4234 Plautus
1066 4168 1217 4255 scripsit:
1242 4168 1359 4233 Salute

188 4281 312 4368 horiae,
337 4304 420 4367 quae
444 4283 481 4347 in
504 4277 823 4368 111111111111111).

295 4438 322 4511 1)
359 4440 409 4496 sed
427 4440 462 4496 de
480 4440 535 4495 hoo
554 4442 617 4496 loco
636 4441 687 4496 cfr.
707 4441 786 4496 infra
803 4461 830 4515 p.
850 4441 876 4497 8.
