3106 5048
668 358 887 422 „21ss

298 561 331 624 p.
363 539 436 603 164.
469 537 548 602 Aul.
577 537 623 602 Π.
652 537 683 601 5.
714 537 757 602 10
800 537 862 602 sub
900 539 1004 603 lemm
1051 539 1162 604 ravim
1178 539 1363 624 Nonium,

192 676 393 740 quamquam
430 653 524 718 codd.
560 653 712 739 paullum
739 653 829 719 inter
857 677 893 719 se
922 654 1145 739 dissentiunt,
1186 655 1363 741 scripsisse

192 777 337 836 constat:
362 769 432 854 ubi,
456 769 570 854 siquid
592 791 737 855 poscam,
762 792 869 854 usque
893 770 936 834 ad
959 771 1069 835 ravim
1095 793 1232 857 poscam
1247 772 1341 856 prius
1351 777 1359 854 ;’

192 886 282 971 quod
306 885 523 951 confirmatur
546 884 665 950 eodem
688 885 842 972 exemplo
866 908 898 971 p.
924 886 998 952 374.
1026 887 1067 951 10
1083 887 1194 952 allato.
1230 887 1273 952 In
1288 888 1364 952 Pall

192 985 301 1066 autem
338 1001 546 1066 invenimus:
582 999 759 1089 adaravin,
800 1001 890 1086 quod
912 1023 982 1066 non
1010 1008 1062 1066 est
1084 1002 1358 1089 intelligendum,

191 1124 239 1182 et:
263 1139 439 1202 poscamus
462 1117 566 1204 prius,
595 1124 713 1182 contra
735 1117 825 1202 quod
847 1139 965 1183 versus
988 1124 1133 1204 pugnat3
1163 1142 1266 1204 quare
1288 1120 1364 1185 Pall

191 1257 261 1300 non
285 1257 358 1298 esse
382 1233 494 1299 fontes
519 1255 648 1298 censeo.

298 1375 330 1438 p.
358 1351 431 1415 172.
456 1349 533 1414 Aul.
558 1350 618 1415 IV.
642 1349 673 1413 4.
699 1350 741 1413 32
777 1349 839 1414 sub
872 1350 989 1415 lemm:
1025 1350 1185 1416 socienno
1214 1353 1361 1418 Nonius:

190 1468 246 1532 ibo
269 1467 361 1532 intro
385 1472 486 1551 atque
509 1466 561 1530 illi
585 1465 743 1531 socienno
771 1472 830 1531 tuo
858 1465 926 1530 iam
954 1466 1213 1552 interstringam
1239 1469 1361 1552 galam.

190 1583 278 1647 Pall:
303 1583 358 1648 ibo
381 1582 472 1647 hinc.
481 1576 505 1662 ¹)

95 1684 97 1687 ⁵
195 1756 197 1760 .
297 1723 329 1785 p.
353 1699 430 1763 455.
455 1699 546 1763 Men.
563 1699 590 1762 I.
617 1699 646 1763 1.
674 1699 714 1763 13
738 1698 800 1763 sub
815 1699 933 1763 lemm:
957 1705 1105 1763 rostrum
1126 1721 1241 1764 omnes
1257 1700 1362 1766 Nonii

191 1815 287 1881 codd.
303 1814 444 1880 habent:
470 1814 564 1900 Aput
580 1836 733 1878 mensam
748 1815 884 1901 plenam
899 1814 1049 1880 hominis
1061 1820 1209 1879 rostrum
1221 1815 1360 1902 deligis3

189 1931 305 1997 Plauti
329 1930 425 2030 codd.
449 1953 579 1996 omnes:
603 1930 759 1995 homini.
785 1981 792 1994 .
819 1981 826 1995 .
852 1929 992 2015 deligas,
1017 1953 1035 1994 e
1059 1929 1360 2016 qua'utrorumque

191 2046 286 2112 codd.
312 2046 506 2112 differentia
530 2046 730 2111 concludere
753 2068 815 2111 nos
839 2069 937 2133 posse
962 2046 1062 2111 credo
1078 2047 1228 2112 Nonium
1252 2048 1363 2112 ePall

190 2184 259 2227 non
282 2162 445 2227 hausisse.

296 2301 328 2364 p.
353 2278 429 2342 457.
455 2279 553 2343 Truc.
578 2278 623 2343 Π.
649 2279 679 2343 6.
707 2280 747 2343 16
772 2277 833 2343 sub
861 2279 978 2343 lemm:
1010 2301 1201 2364 compressa
1228 2279 1361 2345 Nonius

187 2394 339 2480 scripsit:
363 2395 463 2460 Nunc
486 2395 529 2459 ad
553 2395 705 2479 amicam,
730 2394 867 2460 decimo
890 2417 988 2479 anno,
1013 2393 1167 2460 Athenas
1183 2391 1361 2480 Atticars2)
1486 2460 1488 2465 .

186 2510 279 2595 Vise,
310 2533 411 2595 quam
434 2511 612 2596 gravidam
635 2511 692 2576 hic
715 2511 838 2595 reliqui
861 2533 937 2576 meo
962 2533 1164 2596 compressu,
1203 2510 1294 2596 quod
1318 2535 1357 2577 ea

187 2633 275 2710 agat.
319 2628 395 2691 Pall
419 2626 515 2692 dant:
541 2627 672 2692 decimo
696 2649 785 2692 anno
808 2633 897 2713 post,
919 2626 1096 2710 gravidam
1118 2626 1251 2712 reliqui,
1278 2627 1360 2712 quid

187 2764 248 2827 pro
267 2742 365 2827 quod.
390 2743 458 2807 Hic
470 2742 557 2806 mihi
573 2743 710 2808 videtur
725 2742 800 2807 luce
817 2743 939 2807 clarius
955 2748 1047 2807 recte
1062 2764 1125 2808 nos
1143 2743 1360 2808 contendisse
1469 2771 1471 2775 ¹

187 2879 257 2923 non
279 2858 355 2922 Pall
378 2881 451 2922 esse
475 2858 605 2924 fontem
628 2858 744 2924 Nonii.
765 2868 767 2874 '
1075 2913 1077 2918 .

294 2997 327 3060 p.
350 2974 427 3039 483.
451 2973 530 3039 Aul.
554 2975 581 3039 I.
607 2974 637 3038 2.
662 2975 682 3038 5
707 2973 768 3038 sub
784 2974 888 3038 lemni
903 2975 1036 3058 quaesti
1052 2974 1187 3040 Nonius
1208 2975 1363 3061 scripsit:

186 3090 276 3155 Nam
297 3089 354 3154 hic
378 3090 467 3176 apud
491 3113 551 3156 vos
574 3091 663 3155 nihil
687 3091 820 3176 quaesti
843 3089 984 3156 furibus
994 3084 1017 3169 Β)
1067 3091 1183 3155 Plauti
1204 3090 1300 3157 codd.
1325 3099 1361 3157 et

187 3205 262 3270 edd.
287 3205 428 3271 habent:
454 3212 506 3270 est
529 3206 622 3272 aliud
645 3207 786 3291 quaesti,
815 3207 905 3291 quod
926 3229 1029 3272 versu
1056 3208 1256 3294 postulatur.
1294 3208 1362 3274 Sed

186 3327 300 3407 potest
323 3321 379 3386 hic
404 3322 490 3387 illud
513 3322 607 3387 aliud
629 3323 844 3408 negligentia
867 3322 974 3387 Nonii
1009 3323 1206 3388 ommissum
1242 3319 1359 3408 esse.4)

296 3460 328 3523 p.
353 3439 556 3505 meroen.
581 3440 607 3504 Ι.
634 3441 664 3504 2.
690 3440 742 3504 26.
779 3439 905 3504 Omnes
928 3439 1043 3503 Plauti
1073 3439 1168 3504 codd.
1205 3439 1359 3505 tradunt:
1442 3466 1444 3470 ·

187 3553 275 3617 Nam
299 3576 375 3618 cum
399 3554 515 3619 sedulo
539 3554 712 3619 munditer
734 3578 796 3620 nos
820 3554 992 3638 habemUS,
1039 3556 1088 3621 Ut
1110 3555 1170 3620 vix
1193 3577 1360 3641 aegreque

188 3671 408 3735 amatorculos
432 3670 637 3755 invenimus,
661 3693 727 3755 quo
751 3671 788 3734 in
811 3672 884 3736 loco
900 3670 1032 3736 Nonius
1049 3670 1111 3735 sub
1131 3671 1244 3737 lemm.
1262 3694 1360 3737 mun·

295 3932 321 4004 1)
358 3934 412 3989 Sed
431 3934 466 3989 de
484 3936 539 3989 hoc
557 3937 620 3990 loco
640 3934 691 3990 cfr.
710 3953 798 4006 supra
816 3954 843 4007 p.
863 3935 888 3989 5.

293 4023 321 4093 2)
358 4024 498 4094 Attiseas,
529 4026 605 4096 quod
632 4025 705 4078 dant
731 4023 811 4079 codd.
841 4042 957 4095 omnes,
990 4026 1026 4106 ad
1056 4043 1183 4080 errorem
1210 4025 1359 4097 scriptoris

187 4113 338 4184 archetypi
358 4112 440 4182 redit,
460 4133 516 4185 qua
527 4133 557 4169 re
570 4115 675 4170 iterum
695 4132 794 4168 omnes
813 4114 893 4168 codd.
904 4113 941 4168 ad
953 4133 1044 4168 unum
1063 4115 1254 4186 archetypum
1266 4115 1360 4169 redire

187 4204 409 4258 demonstratur.

230 4315 232 4319 >
294 4293 323 4360 3)
359 4292 452 4345 furius
472 4292 602 4347 codicum
615 4299 658 4348 est
676 4311 755 4349 error
768 4293 927 4366 archetypi,
946 4311 1032 4364 quem
1052 4292 1156 4366 reliqui
1177 4299 1358 4365 receperunt.

292 4382 322 4450 4)
361 4381 396 4435 of.
416 4399 443 4454 p.
464 4383 480 4436 5
500 4387 528 4436 et
547 4383 571 4435 6.
1052 4402 1054 4406 ·
