3106 5048
673 351 897 414 „37-

303 555 336 618 p.
353 531 398 595 44
412 529 538 616 Amph.
553 531 598 595 H.
618 531 646 595 1.
666 530 707 593 79
732 529 794 594 sub
817 530 930 594 lemm.
949 529 1052 594 blatis
1067 530 1200 595 Nonius
1218 529 1368 616 scripsit:

197 645 278 730 Qui,
314 647 455 730 malum,
491 647 693 731 intellegere
729 644 909 730 quisquam
943 645 1033 731 potis
1069 646 1140 710 est?
1176 646 1225 711 ita
1259 668 1369 731 nugas

197 761 312 844 11111
337 763 422 827 ean.
446 762 575 827 11111
1015 738 1021 745 ’

302 901 335 965 p.
352 878 396 941 85
412 877 509 944 Asin.
527 877 590 943 1Π.
610 879 638 942 1.
658 878 699 941 16
717 875 778 942 sub
802 877 915 941 lemm.
941 877 1084 941 easteria
1098 877 1230 944 Nonius
1252 877 1368 943 habet:

153 1077 158 1087 ι
198 993 339 1080 Quispol
374 994 404 1058 si
438 993 610 1080 repulsavi
650 990 746 1074 [Pall.
775 992 912 1080 reposui
946 998 1004 1057 aut
1032 992 1193 1081 reposivi]
1228 1016 1369 1078 remum,

196 1110 266 1175 sola
289 1132 353 1195 ago
377 1133 405 1175 e.
431 1132 461 1194 q.
487 1132 513 1174 e.
1296 1194 1299 1199 Ι

301 1249 333 1313 p.
360 1225 425 1290 128
452 1225 550 1291 Asin.
575 1226 617 1292 V.
641 1227 672 1291 2.
696 1226 741 1290 87
771 1225 833 1290 sub
864 1225 976 1290 lemm.
1005 1224 1194 1290 iudicatum
1222 1198 1381 1291 Noniusz'

195 1341 303 1419 Male·
321 1341 514 1407 cubandum
542 1347 607 1406 est:
643 1341 832 1407 iudicatum
861 1364 915 1405 me
944 1364 1030 1407 uxor
1061 1341 1156 1407 dueit
1191 1339 1286 1423 [Pali.
1311 1342 1368 1407 ab·

196 1457 299 1540 duoit]
325 1458 473 1523 domum.

300 1598 334 1662 p.
360 1576 423 1640 139
447 1575 526 1639 Aul.
550 1573 595 1639 H.
621 1574 650 1639 2.
676 1574 718 1662 57
754 1573 815 1638 sub
843 1573 956 1638 lemm.
987 1574 1186 1639 mordioitus
1219 1574 1369 1639 Nonius:

195 1689 296 1756 Asini
330 1714 384 1755 me
420 1689 619 1756 mordicitus
656 1687 751 1771 [Pall.
776 1688 956 1771 mordicus]
993 1689 1164 1775 scindant,
1189 1689 1293 1755 boves
1317 1690 1369 1755 in-

195 1814 332 1893 cursent
355 1805 522 1872 eornibus.

206 1926 209 1932 '
301 1946 334 2010 p.
361 1924 423 1987 151
448 1922 545 1987 Asin.
563 1922 626 1986 ΠΙ.
652 1923 680 1986 1.
701 1922 742 1986 14
762 1922 824 1987 sub
847 1923 960 1987 lemm.
978 1923 1200 2009 portisculum
1220 1921 1367 1989 Nonius:

194 2038 242 2104 Et
264 2061 375 2102 meam
390 2045 524 2124 partem
538 2037 700 2123 loquendi
717 2043 751 2102 et
767 2023 861 2102 tuam
876 2037 973 2103 trado
990 2039 1071 2103 tibi:
1089 2038 1145 2102 Ad
1161 2038 1368 2123 loquendum

196 2159 230 2218 et
254 2153 297 2218 ad
311 2153 505 2219 -taoendum
520 2161 558 2219 tu
580 2161 619 2219 ut
641 2152 765 2218 habeas
789 2154 1020 2240 portisculum.
1053 2155 1138 2219 Pali.
1163 2177 1223 2240 pro
1252 2161 1291 2219 tu
1313 2162 1368 2221 ut:

195 2275 301 2354 tute,
327 2269 416 2355 quod
439 2270 496 2335 hio
519 2270 607 2335 nihil
631 2277 692 2335 est.

302 2408 335 2472 p.
355 2386 416 2450 151
444 2383 542 2451 Asin.
558 2386 618 2451 IV.
639 2387 667 2452 1.
690 2387 733 2450 47
759 2387 820 2451 sub
841 2387 954 2451 lemm.
978 2387 1196 2474 perpexabile
1222 2387 1370 2453 Nonius:

193 2524 256 2566 neo
284 2502 393 2567 ullum
421 2502 564 2567 verbum
592 2501 696 2568 faeiat
723 2501 954 2589 perpexabile,
982 2503 1067 2568 Pall.
1092 2526 1267 2589 neque...
1294 2526 1369 2590 per-

193 2617 366 2703 plexibile‚
389 2617 522 2682 melius.

167 2756 171 2764 ·
299 2758 333 2820 p.
362 2734 427 2798 509
456 2734 535 2798 Aul.
565 2733 610 2798 H.
636 2735 667 2798 4.
695 2736 738 2799 38
769 2734 831 2800 sub
859 2714 971 2800 lemm.
1002 2735 1292 2821 deplorabundus,
1329 2737 1371 2801 de

191 2850 255 2914 hoe
270 2851 345 2914 loeo
362 2848 403 2915 of.
422 2871 512 2936 supr.
536 2887 578 2894 -
595 2849 775 2915 Accedunt
790 2851 846 2915 hie
871 2873 1003 2937 quoque
1026 2851 1101 2936 1011,
1129 2852 1188 2937 qui
1210 2852 1274 2917 hoo
1298 2854 1370 2918 solo

193 2965 435 3030 commentario
460 2966 587 3031 servati
610 2973 704 3052 sunt,
734 2968 771 3032 in
794 2968 879 3032 Pall.
904 2991 974 3033 non
997 2968 1221 3033 inveniuntur
1278 2968 1368 3033 Sunt

191 3081 229 3146 hi
251 3082 334 3147 loci:
881 3090 884 3095 '

297 3219 330 3283 p.
343 3197 388 3261 44
412 3220 453 3262 ex
476 3197 600 3284 Amph.
626 3198 688 3263 sub
711 3200 824 3265 lemm.
841 3201 1008 3265 larvatus:
1033 3200 1210 3264 Larvatus.
1235 3200 1369 3286 Edepol

196 3312 370 3378 hominem
393 3313 554 3378 miserum
578 3315 748 3379 medicum
772 3316 949 3400 quaeritat.

299 3451 331 3515 p.
360 3430 422 3494 105
451 3453 492 3494 ex
519 3430 645 3516 Amph.
682 3432 743 3497 sub
776 3434 888 3497 lemm.
919 3432 1133 3497 exiuravisti:
1170 3431 1370 3498 exiuravisti

196 3540 273 3607 dixe
296 3548 331 3608 te
352 3544 437 3610 mihi
460 3569 520 3632 per
543 3547 677 3611 iocum?

298 3682 331 3747 p.
353 3661 420 3726 453
444 3683 485 3726 ex
505 3661 630 3749 Amph.
656 3663 718 3728 sub
741 3665 854 3728 lemm.
879 3664 1003 3728 furem:
1029 3663 1252 3729 Manifestum
1275 3665 1368 3730 hunc

194 3773 324 3841 obtorto
350 3779 435 3842 eollo
459 3784 560 3842 teneo
584 3778 694 3843 furem
717 3780 851 3865 fiagitii.

296 3915 329 3977 p.
354 3893 421 3957 454
445 3917 486 3958 ex
501 3893 628 3981 Amph.
653 3896 714 3960 sub
731 3897 844 3960 lemm.
862 3896 1014 3982 ingredi:
1038 3897 1180 3963 Nihilne
1201 3902 1236 3960 te
1252 3897 1367 3982 pudet,

190 4004 343 4090 sceleste,
367 4010 484 4095 populi
508 4009 544 4074 in
569 4018 787 4098 conspectum
811 4012 966 4097 ingredi?

296 4124 345 4188 Hi
379 4125 445 4189 loci
478 4148 594 4190 omnes
633 4134 667 4191 et
690 4128 726 4192 in
749 4128 834 4203 Pall.
861 4128 1006 4193 infuisse
1034 4134 1190 4215 possunt3
1224 4127 1262 4190 in
1284 4126 1367 4192 Am-

188 4238 371 4324 phitruone
395 4241 487 4304 enim
510 4240 625 4307 sabula
648 4244 755 4308 multa
779 4243 916 4327 desunt3
942 4245 1002 4308 sed
1026 4246 1110 4330 quin
1133 4244 1170 4308 in
1185 4243 1218 4307 A
1235 4265 1367 4329 quoque

188 4335 294 4420 luisse
310 4357 445 4442 possint
459 4380 559 4423 nemo
576 4358 755 4424 dubitabit.
788 4360 889 4425 Nune
905 4365 1017 4425 autem
1033 4361 1090 4426 hio
1113 4380 1241 4441 versae,
1266 4381 1367 4444 quem
