3106 5048
673 397 892 500 -ao—
992 484 994 489 ι

195 569 318 665 magis
333 574 396 644 hoc
414 570 463 643 'ee
487 578 612 664 dicam,
648 578 780 663 quoda
803 579 915 644 Nonio
943 585 1013 643 tam
1033 578 1098 642 'est
1125 579 1290 664 alienum,
1325 588 1364 647 ut

195 694 285 759 nihil
308 694 379 759 fere
403 695 493 759 inter
515 702 698 778 utrumque
721 694 767 760 sit
790 717 977 759 commune.

152 815 157 838 '
202 838 204 842 ’
301 832 334 895 p.
366 811 643 896 14310apa111.
668 809 698 875 5.
728 810 770 873 59
804 809 866 874 sub
895 811 1008 877 16111111.
1045 833 1213 897 nuperum
1248 811 1378 892 scribit,

195 925 340 991 Nonius:
374 926 489 1003 Quid?
523 932 563 991 111
591 949 660 991 una
687 931 786 1006 nocte
814 926 1032 1012 postulavisti
1060 932 1094 991 61
1122 926 1196 1011 die,
1233 928 1367 996 Recens

196 1048 332 1127 captum
359 1040 545 1127 hominem,
578 1064 759 1127 nuperum,
792 1041 986 1106 novicium?
1043 1043 1086 1106 In
1119 1042 1204 1106 Pall.
1239 1043 1368 1129 legitur

198 1159 251 1242 ,et
274 1153 485 1242 novicium“,
523 1158 613 1242 qnod
641 1180 845 1243 quamquam
878 1141 991 1244 potest
1018 1158 1239 1244 neglegentia
1261 1159 1367 1223 Nonii

194 1280 253 1338 aut
276 1275 478 1360 scriptorum
503 1273 666 1338 omissum
691 1296 780 1358 esse,
808 1279 923 1338 tamen
951 1274 988 1337 in
1013 1274 1267 1358 commentario,
1302 1297 1367 1359 quc

193 1411 274 1454 usus
299 1396 350 1454 est
373 1389 515 1473 Nonius,
540 1388 690 1453 defuisse
713 1394 835 1475 potest

300 1501 333 1592 p.
360 1505 423 1569 146
447 1505 545 1569 Asin.
569 1505 614 1569 H.
641 1507 670 1570 1.
696 1506 738 1569 18
761 1505 823 1569 sub
846 1505 959 1568 lemm.
977 1490 1195 1570 obscaevavit
1217 1506 1366 1571 Nonius:

195 1619 344 1704 [Mletna
369 1644 445 1685 cum
468 1621 540 1686 illic
564 1621 781 1686 obscaevavit
803 1643 898 1685 meae
921 1619 1026 1684 falsae
1050 1619 1213 1686 fallaciae.
1242 1621 1366 1698 Quam·
1448 1629 1450 1635 '

138 1734 144 1760 “
193 1759 295 1821 qnam
322 1737 366 1801 H.
391 1736 497 1801 tradit
524 1743 577 1822 ,et
599 1731 753 1820 vocum“,
782 1743 910 1820 tamen,
941 1758 1017 1800 cum
1040 1737 1088 1800 M.
1117 1736 1163 1800 sit
1194 1737 1366 1822 emissum,

193 1852 343 1917 Nonium
366 1852 613 1939 itascripsisse
637 1876 713 1917 cum
737 1852 917 1917 Gerlachio
942 1852 1051 1918 credo.
1083 1852 1125 1916 ln
1145 1852 1229 1917 Pall.
1252 1860 1366 1918 autem

85 2036 86 2041 γ
192 1967 357 2032 traditum
373 1963 433 2032 est
444 1963 571 2054 ,quod“
590 1990 651 2054 pro
668 1990 744 2032 cum
760 1973 794 2033 et
814 1963 1045 2054 ,observavit“
1058 1991 1119 2054 pro
1136 1968 1362 2055 obscaevavit,

193 2084 283 2168 qnod
306 2084 362 2148 hic
384 2084 473 2149 nihil
497 2091 558 2149 est.
604 2084 701 2148 Idem
725 2091 776 2148 est
800 2084 982 2149 dicendum
1006 2083 1049 2148 de
1247 2167 1249 2173 y

299 2223 332 2286 p.
359 2200 534 2265 15511111.
558 2201 621 2265 111.
647 2201 677 2264 a.
701 2201 724 2263 4
747 2200 808 2265 sue
823 2201 937 2265 ianm.
954 2200 1115 2286 ponnus,
1139 2200 1199 2264 1111
1214 2201 1364 2266 nonam
1410 2185 1413 2192 ’
1460 2256 1461 2262 v

192 2316 368 2400 scripsisse
392 2316 544 2379 omnium
568 2314 722 2380 codicum
739 2338 905 2380 consensu
921 2322 1076 2401 apparet:
1100 2317 1153 2381 Ne
1169 2316 1362 2402 ineptorum

192 2432 305 2518 potior
333 2431 379 2495 sit
413 2431 577 2517 polentia,
614 2454 690 2497 cum
724 2432 808 2495 Pall.
844 2429 1041 2496 exhibeant:
1080 2431 1261 2517 impiorum
1279 2483 1286 2496 .
1305 2483 1312 2496 .
1331 2483 1363 2497 ..

191 2547 365 2633 pollentia.
472 2610 474 2614 ,
502 2556 509 2561 “
690 2602 692 2606 .
766 2551 769 2558 “

197 2682 198 2685 ’
297 2686 329 2748 p.
356 2663 420 2727 ⁴155
445 2662 544 2728 Trnc.
568 2665 610 2729 V.
637 2665 666 2728 1.
691 2665 732 2727 21
766 2661 828 2727 sub
851 2663 962 2727 lemm.
987 2663 1208 2749 pauxillisper
1230 2664 1363 2729 Nonius

190 2777 306 2843 habet:
331 2779 408 2864 plus
433 2778 550 2843 decem
572 2779 685 2865 pondo
709 2779 833 2845 amoris
849 2779 1072 2866 pauxillisper
1086 2779 1253 2865 perdidit;
1279 2781 1363 2845 Pall.

163 2894 266 2999 ,plus
291 2894 408 2958 decem
430 2895 542 2980 pondo
566 2896 669 2961 moris
692 2896 897 2982 pausilliper
915 2895 1079 2981 perdidit,
1113 2918 1178 2981 quc
1202 2896 1240 2960 in
1262 2919 1364 2962 versu

190 3009 293 3087 moris
317 3032 387 3090 non
420 3008 533 3095 potest
568 3011 740 3097 intellegi,
778 3018 812 3076 et
834 3011 1033 3097 pausilliper
1056 3019 1195 3097 propter
1217 3018 1362 3077 metrum

82 3195 84 3201 ,
190 3147 263 3189 esse
287 3148 356 3190 non
378 3132 502 3211 potest,
526 3133 701 3212 praeterea
724 3127 853 3212 aliquid
870 3128 987 3192 deesse
1010 3150 1126 3192 omnes
1154 3127 1231 3194 edd.
1247 3128 1362 3192 Plauti

190 3249 446 3327 cognoverunt,
487 3265 629 3326 quorum
664 3244 763 3308 alteri
798 3243 866 3308 iam
901 3244 958 3331 pol
996 3251 1076 3308 ante
1114 3243 1226 3329 pondo
1256 3244 1362 3307 intro·

190 3356 380 3422 duxerunt..

189 3472 322 3535 omnibus
348 3478 447 3533 Plauti
465 3479 620 3535 comoediis
637 3479 744 3536 inveni.
781 3482 881 3552 Neque
899 3481 937 3551 id,
956 3480 1033 3552 quod
1050 3473 1253 3535 Fleckeisenus
1273 3497 1288 3534 6
1310 3497 1363 3533 sua

189 3568 353 3623 coniectura
371 3568 466 3638 habet,
485 3569 587 3647 melius
605 3569 678 3624 mihi
690 3569 814 3640 videtur,
827 3569 926 3624 scribit
944 3570 1036 3624 enim:
1055 3569 1310 3641 Halophantamne
1324 3587 1362 3622 an

189 3658 398 3727 sucophantam
417 3657 494 3714 hunc
512 3658 607 3729 magis
625 3659 720 3713 dicam
733 3676 793 3714 esse
805 3659 910 3714 nescio.
938 3658 1045 3712 Additc
1058 3676 1095 3712 ne
1111 3657 1237 3730 primum
1259 3657 1361 3728 pedem

189 3747 286 3801 sanari
306 3765 480 3818 quamquam
498 3766 583 3802 nemo
596 3748 722 3819 negabit,
742 3753 840 3803 tamen
862 3765 899 3802 ne
917 3767 976 3802 non
989 3755 1033 3803 est
1046 3748 1195 3816 traditum,
1214 3752 1363 3818 praeterea

189 3823 277 3890 verba
296 3836 389 3890 dicam
408 3842 437 3891 et
456 3855 517 3891 esse
535 3842 603 3891 sunt
620 3837 698 3891 inter
715 3855 746 3892 se
763 3837 903 3892 mutanda
920 3842 949 3891 61
968 3835 1077 3907 „hunc“
1097 3854 1113 3890 6
1131 3836 1204 3890 Pall.
1224 3836 1362 3906 recipien-

189 3926 266 3979 dum.
304 3925 512 3997 simpliciorem
532 3941 593 3980 esse
612 3944 706 3981 meam
726 3927 921 3982 coniecturam
939 3932 1019 3998 puto,
1038 3926 1063 3980 si
1082 3913 1267 3980 commutatis
1286 3923 1363 3979 inter

189 4032 220 4068 se
232 4015 442 4086 halophantam
460 4020 489 4069 et
506 4014 716 4087 sycophantam
729 4017 892 4071 scribimus:
912 4016 1128 4088 Sycophantam
1147 4033 1185 4067 an
1203 4015 1363 4086 halophan-

188 4109 249 4158 tam
267 4104 361 4182 magis
380 4122 441 4158 esse
465 4104 558 4158 dicam
578 4105 681 4159 nescio.
718 4107 806 4159 Hunc
837 4123 953 4161 versum
981 4109 1083 4159 contra
1110 4104 1204 4174 legem
1233 4120 1362 4174 pugnare

188 4193 268 4246 haud
285 4192 396 4264 ignore,
416 4212 503 4263 quam
522 4193 676 4265 Ussingius
700 4195 770 4266 prol.
790 4212 816 4265 p.
838 4194 890 4247 184
908 4193 1091 4264 pronuntiat;
1119 4193 1149 4246 in
1169 4198 1273 4263 quarto
1291 4191 1363 4263 pede
1413 4218 1416 4224 ¹

188 4273 337 4353 nimquam
350 4282 498 4352 dactylum
512 4300 573 4337 esse
583 4301 674 4354 posse,
688 4284 764 4354 quod
776 4282 881 4337 vitium
894 4283 1097 4337 Fleckeisenus
1109 4281 1194 4348 vitat,
1207 4281 1362 4351 Ussingius

188 4376 286 4432 autam
304 4371 422 4441 retinet,
442 4370 493 4425 scd
510 4371 572 4443 ipse
589 4373 608 4427 l.
628 4391 650 4427 c.
671 4373 803 4444 exempla
822 4369 921 4426 affert:
946 4372 1025 4426 Trin.
1047 4371 1100 4425 604
1118 4370 1190 4442 Lysi
1201 4368 1208 4442 Ι
1220 4370 1279 4440 1611,
1298 4370 1361 4425 Τ61.

187 4445 283 4515 Form.
303 4461 378 4518 Palli
397 4458 432 4532 Ιο
451 4458 533 4532 iesu}
552 4461 641 4532 pinet.
