3106 5048
674 350 871 416 ..3.„

187 555 303 598 omnes
326 532 441 597 Plauti
465 531 656 597 comoediae
679 531 912 598 Varronianae
929 527 1065 596 inerant
1080 536 1214 617 praeter
1229 530 1358 595 Merca·

188 656 306 734 torem,
333 648 587 733 Mostellariam,
615 641 870 731 Ι1111111111111111),
908 647 947 711 in
970 647 1074 712 altero
1099 641 1255 729 (minore)
1289 668 1360 711 non

188 770 285 829 erant
307 764 376 829 nisi
398 771 468 829 tres
490 764 541 829 hi:
564 762 782 849 Amphitruo,
806 762 975 847 Asinaria,
999 762 1185 827 Aulularia.
1233 763 1357 827 Exem-

186 881 328 966 plorum,
353 903 438 965 quae
455 902 473 944 e
488 878 659 945 Plautinis
680 879 862 945 comoediis
882 878 1111 966 proferuntur,
1135 877 1201 943 duo
1223 883 1359 949 exstant

107 1038 115 1056 ι
188 995 332 1061 ordines.
372 996 415 1060 In
436 995 680 1069 conscribendo
704 995 796 1060 enim
819 1017 919 1081 opere
935 994 1206 1060 honorationem
1222 999 1357 1059 secutus

190 1118 251 1196 est,
275 1117 315 1177 ut
337 1112 496 1176 lemmate
520 1111 667 1196 quodam
689 1111 819 1196 prolato
844 1133 862 1175 e
886 1110 1050 1197 scriptore
1074 1110 1186 1195 aliquo
1210 1109 1360 1174 adiceret

188 1228 392 1313 exemplum,
417 1226 506 1312 quod
533 1226 763 1293 Schmidtium
787 1232 921 1291 secutus
946 1227 1138 1312 exemplum
1160 1225 1360 1312 primarium

111 1365 114 1369 ·
188 1342 319 1428 dicam,
378 1342 467 1428 quod
513 1342 799 1409 Schottmiillerus
845 1337 1102 1427 „Stammcitat“
1161 1337 1360 1426 nominat2),

189 1459 278 1544 quod
309 1460 417 1524 multa
444 1460 510 1524 alia
541 1458 696 1546 exempla
729 1482 771 1523 ex
798 1458 873 1523 aliis
908 1458 1129 1544 scriptoribus
1164 1463 1276 1522 sumta
1310 1479 1360 1522 se·

189 1580 359 1660 quuntur,
405 1575 527 1661 quibus
571 1575 781 1641 Schmidtius
824 1598 951 1641 nomen
991 1574 1145 1661 exempla
1184 1572 1362 1640 subseciva

189 1691 248 1756 dat
280 1697 414 1755 secutus
441 1691 755 1777 Schottmv'illerum,
793 1691 852 1777 qui
884 1713 923 1755 ea
956 1684 1217 1775 „Anhaengsel“
1253 1688 1361 1754 nomi-

187 1814 258 1871 nat.
311 1807 406 1871 Haec
433 1808 631 1893 exempla‘e
660 1807 928 1891 commentariis,
964 1829 982 1870 1
1015 1805 1137 1891 quibus
1170 1805 1361 1891 exemplum

188 1922 387 2008 primarium
409 1922 518 2009 fluxit,
542 1923 723 2010 prompsit:
749 1947 777 1988 e.
801 1945 834 2008 g.
859 1923 889 1987 si
912 1923 1043 1988 Nonius
1066 1945 1099 2008 p.
1127 1922 1177 1987 10.
1203 1915 1275 1999 12³)
1300 1920 1362 1987 sub

188 2039 347 2102 lemmate
388 2034 496 2122 „ilex“
537 2040 648 2103 locum
675 2039 873 2104 Plautinum
911 2036 1017 2122 (Pera
1042 2039 1104 2103 m.
1130 2038 1161 2102 3.
1185 2033 1247 2122 4.),
1289 2042 1362 2102 tum

190 2155 342 2239 exempla
355 2176 373 2218 e
385 2154 520 2239 Lucilii,
533 2155 705 2239 Varronis,
723 2155 848 2219 iterum
863 2149 999 2240 Lucilii,
1014 2153 1169 2237 Caecilii,
1183 2153 1360 2237 Sisennae,

187 2269 365 2335 Μ.-Τ111111
387 2269 484 2334 libris
507 2270 645 2357 profert,
681 2271 830 2359 primum
853 2276 987 2335 tantum
1011 2271 1203 2357 exemplum
1220 2292 1238 2334 e
1254 2269 1360 2355 scrip·

188 2391 261 2450 tore
284 2385 369 2472 ipso,
405 2391 516 2451 cetera
539 2409 557 2450 e
580 2387 671 2452 notis
694 2386 796 2473 hujus
821 2386 994 2473 scriptoris
1018 2385 1202 2472 exemplari
1233 2383 1360 2450 additis

189 2502 313 2567 hausit.
357 2502 411 2566 lta
439 2502 600 2589 deinceps
632 2503 783 2568 diversos
816 2502 953 2568 ordines
989 2502 1125 2567 differre
1164 2487 1360 2587 possumus:

191 2618 345 2682 ordinem
358 2619 587 2704 exemplorum
598 2620 844 2703 Plautinorum,
856 2618 1119 2702 Lucilianorum‚
1132 2617 1361 2703 Attianorum,

190 2732 513 2819 Pomponianorum,
537 2735 804 2816 Lucilianorum,
846 2734 1134 2818 Pacuvianorum,
1171 2733 1362 2798 Ciceronia-

190 2871 321 2933 norum,
349 2848 624 2933 Afranianorum
648 2850 933 2937 Vergilianorum,
963 2851 1254 2933 Terentianorum,
1278 2849 1362 2915 Var-

190 2964 421 3051 ronianorum,
471 2965 765 3050 Sisennianorum,
813 2966 1105 3032 Sallustianorum.
1167 2964 1224 3030 Ad
1256 2986 1363 3029 unum

192 3081 348 3166 quodque
373 3103 415 3145 ex
437 3079 491 3145 his
516 3081 735 3169 scriptoribus
760 3075 933 3168 sumptum
953 3083 1145 3168 exemplum
1165 3080 1363 3167 primarium

191 3197 346 3283 exempla
381 3197 558 3262 subseciva
589 3221 630 3262 ex
654 3198 729 3262 aliis
754 3198 978 3284 scriptoribus
1012 3197 1153 3283 adjecit,
1190 3219 1289 3282 quae,
1325 3203 1364 3261 ut

192 3335 293 3397 supra
317 3311 447 3377 dictum
470 3319 531 3397 est,
556 3314 648 3400 cepit
672 3337 689 3378 e
712 3315 952 3379 commentario
969 3312 1012 3379 ad
1028 3313 1236 3401 scriptorem,
1262 3334 1363 3398 equo

192 3429 383 3514 exemplum
406 3429 608 3514 primarium
632 3429 812 3496 derivavit.
858 3431 907 3496 Ut
931 3429 972 3494 de
996 3428 1215 3493 Attianorum
1252 3450 1363 3493 exem-

191 3544 323 3629 plorum
346 3543 522 3610 ordinibus
547 3546 740 3632 exemplum
762 3526 886 3632 petam,
911 3545 973 3610 sub
990 3545 1148 3609 lemmate
1170 3549 1365 3630 contempta

191 3681 222 3744 p.
262 3659 338 3724 470.
378 3661 401 3725 1.
446 3662 638 3747 exemplum
678 3661 861 3727 Attianum
893 3684 911 3725 e
947 3659 1140 3725 Philocteta
1191 3665 1364 3744 sumptum

192 3782 380 3860 sequuntur
419 3778 572 3863 exempla
608 3777 837 3862 Naeuianum,
883 3776 1115 3859 Titinianum,
1156 3775 1363 3860 Ennianum,

191 3889 398 3956 Plautinum.
447 3893 619 3969 Quantum
642 3893 734 3958 inter
756 3893 820 3959 hoc
850 3893 1042 3978 exemplum
1065 3891 1264 3956 Plautinum
1287 3892 1364 3956 sub-

300 4021 326 4091 1)
364 4029 475 4078 ceterae
494 4024 665 4095 comoediae,
686 4042 758 4095 quae
777 4024 912 4092 citantur,
938 4041 996 4077 non
1016 4028 1099 4077 erant
1117 4022 1147 4077 in
1160 4023 1207 4077 his
1221 4039 1364 4077 commen-

191 4108 281 4179 tariiS,
301 4111 351 4164 sed
369 4111 475 4166 horum
494 4112 550 4167 loci
569 4130 669 4168 omnes
687 4119 755 4167 sunt
774 4113 894 4184 exempl.
915 4112 1066 4168 subseciva
1085 4112 1135 4167 cfr.
1154 4110 1239 4166 infra.

300 4198 328 4269 2)
348 4200 379 4254 in
398 4201 606 4272 disputatione:
634 4202 730 4258 Ueber
756 4202 801 4257 die
819 4202 1038 4256 Bestandthefle
1057 4200 1106 4255 des
1125 4208 1221 4256 ersten
1240 4200 1366 4272 Capitels

194 4288 243 4343 dee
261 4289 373 4344 Nonius
391 4291 553 4346 Marcellus
583 4291 681 4362 Symb.
700 4291 769 4364 phil.
789 4293 881 4352 Bonn.
902 4311 929 4362 p.
947 4291 1098 4345 809—832.

299 4379 327 4448 3)
365 4381 401 4433 In
421 4379 546 4433 citandis
564 4380 678 4452 paginis
697 4399 800 4452 sequor
819 4382 862 4437 ed
881 4379 1089 4435 Mercerianam
1109 4398 1133 4433 a.
1155 4379 1232 4432 1614.

1155 4468 1188 4520 1*
