3106 5048
667 341 1004 434 -24-,

190 519 275 605 ipsis
299 541 338 583 oa
372 516 588 606 potissimum
623 518 727 585 verba
760 519 975 605 recipientes,
1011 542 1098 605 quae
1132 520 1171 584 in
1203 520 1362 585 lemmate

189 635 264 720 ipso
291 639 381 719 sunt,
416 633 478 700 sub
502 657 568 720 000
603 636 759 722 exempla
793 624 984 719 traduntur,
1019 640 1152 700 textum
1184 637 1362 701 restituere

97 769 107 774 ·
191 750 396 837 conabimur,
421 774 522 835 quem
538 752 669 817 Nouius
686 751 847 839 inspexit,
872 751 956 816 hacc
979 751 1050 816 fere
1075 751 1281 817 constituere
1303 775 1361 839 po-

189 866 341 932 terimus.

189 982 355 1047 'Punicam
371 983 525 1068 rallam,
543 984 694 1049 tunicam
706 983 860 1069 spissam,
873 984 1051 1050 linteolum
1064 985 1294 1070 oaesicium,
1306 986 1360 1053 46.

189 1098 453 1184 indusiatam,
467 1100 732 1185 patagiatam,
747 1100 952 1184 caltulam,
966 1103 1361 1186 00100000101010,47.

190 1215 415 1301 Supparum
438 1221 496 1280 001
520 1215 728 1280 subnimium
752 1221 804 1280 est
826 1215 963 1300 ri‘oam,
988 1217 1167 1282 vasilioum
1188 1225 1246 1282 aut
1271 1242 1361 1284 exo-

1138 1333 1282 1419 ticum,
1305 1335 1360 1400 48.

190 1447 393 1538 0010011Ιο
417 1453 476 1512 001
498 1447 686 1534 plumatile,
711 1447 881 1535 cperinun
904 1454 963 1512 aut
985 1447 1147 1533 gelinum,
1306 1449 1359 1516 49.

294 1565 383 1628 Eam
399 1563 441 1628 ob
458 1560 593 1629 oausam
609 1563 730 1650 putavi
746 1547 1071 1649 Noniisoripturam
1088 1588 1130 1628 ex
1147 1587 1185 1630 eo
1201 1567 1361 1632 lemmate

189 1701 262 1743 esse
285 1679 528 1765 redimendam,
553 1679 615 1745 sub
640 1703 706 1766 000
731 1681 922 1765 exemplum
946 1679 1081 1764 citatur,
1106 1680 1196 1766 quod
1212 1683 1249 1746 in
1265 1688 1361 1747 tanta

188 1794 380 1880 ignotorum
392 1776 688 1884 uerborumncopia
700 1801 734 1860 01
749 1796 901 1862 Nonium
917 1801 952 1860 et
968 1796 1146 1882 scriptores
1164 1798 1361 1884 saepissime

188 1933 299 1976 errare
321 1917 506 1998 potuerunt
529 1918 563 1976 et
587 1919 786 1977 erraverunt
808 1917 944 1998 praeter
967 1935 1006 1977 ea
1029 1911 1142 1997 verba,
1172 1912 1213 1977 de
1238 1913 1360 1999 quibus

187 2026 224 2091 in
246 2028 405 2092 lemmate
429 2027 502 2114 ipso
526 2028 698 2114 agebatur.
739 2029 825 2111 Cum
848 2028 902 2094 his
932 2051 1018 2113 quae
1043 2051 1143 2114 supra
1165 2030 1358 2114 statuimus,

187 2143 218 2208 si
241 2166 280 2209 ea
304 2143 583 2231 comparabimus,
607 2167 692 2229 0000
708 2145 771 2210 100
794 2146 868 2210 1000
885 2144 1047 2209 Gcetzius
1071 2145 1108 2209 in
1132 2145 1282 2210 editione
1300 2168 1361 2210 sua

186 2258 325 2345 Epidici
347 2259 579 2344 reconstituit,
608 2259 645 2325 in
673 2261 803 2326 duobus
838 2260 1007 2347 prioribus
1042 2261 1198 2325 versibus
1232 2263 1362 2327 nullam

187 2375 416 2441 differentiam
440 2397 513 2440 osse
537 2376 760 2460 inveniemus
785 2375 868 2440 duos
890 2376 1021 2441 alteros·
1037 2381 1151 2441 autem
1174 2377 1223 2441 sic
1244 2399 1359 2441 recon-

187 2492 326 2557 struxit:

295 2609 485 2694 Supparum
509 2614 567 2672 aut
591 2607 810 2690 subminiam,
839 2607 960 2691 ricam,
989 2594 1168 2673 basilicum
1196 2615 1255 2674 aut
1282 2631 1360 2673 exo-

1165 2723 1291 2809 [ticum,
1315 2726 1360 2790 48

199 2898 204 2904 .
295 2839 465 2905 Cumatiic
489 2845 548 2905 aut
570 2840 764 2928 plumatile,
789 2839 944 2904 carinum
967 2847 1026 2905 aut
1048 2840 1233 2925 geminum.
1316 2842 1360 2905 49

295 2957 384 3021 Sunt
417 2955 500 3021 haec
523 2934 648 3043 parvae
686 2955 909 3021 differentiae.
976 2956 1239 3041 QuaerentibuS,
1279 2956 1362 3042 quid

186 3071 317 3157 singuli
338 3070 453 3137 Plauti
477 3072 564 3138 codd
587 3073 738 3155 tradant,
766 3072 831 3137 hoc
855 3077 907 3135 est
929 3072 1218 3158 respondendum:
1255 3073 1360 3140 ORO-

188 3187 410 3255 OOTULAM
435 3189 543 3253 solum
559 3188 591 3253 A
608 3188 741 3254 tradere
764 3193 804 3252 ut
818 3187 978 3273 Nonium,
1004 3211 1079 3252 cum
1095 3189 1180 3254 Pall.
1197 3189 1358 3254 habeant:

72 3362 73 3365 ,
187 3305 353 3368 crutulam
376 3311 435 3370 001
458 3305 640 3389 croculam,
665 3304 749 3368 item
773 3327 792 3368 a
815 3303 885 3368 solo
908 3302 955 3368 A:
981 3302 1250 3389 SUPPARUM,
1274 3306 1358 3371 Pali.

186 3419 393 3507 subparum,
417 3420 463 3485 A:
489 3421 765 3504 SUBNiMIUM,
789 3419 878 3483 Pall:
897 3419 1114 3504 subminium,
1136 3421 1226 3505 quod
1243 3444 1359 3506 quam-

187 3526 289 3622 quam
312 3537 421 3601 solum
445 3543 497 3602 est
519 3543 663 3621 rectum,
696 3542 811 3600 tamen
840 3534 930 3621 apud
952 3535 1102 3600 Nonium
1129 3558 1199 3600 000
1222 3538 1358 3622 legitur.

186 3652 278 3717 Num
313 3652 378 3718 0110
418 3675 587 3738 quoquam
622 3654 776 3739 exemplo
812 3651 935 3716 clarius
971 3651 1196 3717 demonstrari
1234 3661 1357 3739 potest,

167 3763 338 3834 'Nonium
361 3769 399 3833 in
422 3768 600 3835 scribendo
631 3768 896 3845 suo'libronon
919 3767 1015 3852 Pali,
1048 3768 1108 3856 sed
1135 3770 1361 3836 Ambrosiana

186 3885 383 3950 recensione
405 3908 505 3950 usum
529 3886 623 3951 esse?
670 3885 780 3963 Quid?
814 3907 928 3950 nonne
964 3885 1116 3969 exemplo
1152 3907 1284 3970 000000
1308 3910 1359 3951 00-

187 4001 308 4087 000011
330 4001 422 4066 idem
445 4000 655 4066 ostenditur?
700 4003 765 4066 Est
788 4007 901 4065 autem
923 4000 999 4066 hoc:

293 4141 326 4205 p.
340 4119 406 4182 548
425 4117 527 4204 Epid.
543 4117 588 4182 H.
607 4118 636 4181 2.
653 4118 707 4202 40,
732 4117 792 4183 ubi
815 4117 876 4181 sub
900 4118 1012 4181 10000.
1030 4116 1231 4201 impluviata
1251 4119 1357 4184 Noni-

186 4256 226 4298 us
262 4233 412 4320 scripsit:
447 4233 674 4319 Impluviata?
708 4241 747 4298 ut
782 4233 866 4297 istae
901 4231 1033 4296 faciunt
1058 4233 1275 4299 vestimentis
1298 4258 1357 4300 uc-

187 4349 289 4416 mina.
336 4350 412 4415 Hoc
446 4349 537 4414 idom
560 4349 593 4414 A
627 4372 760 4435 quoque
784 4347 935 4433 exhibet,
970 4348 1059 4414 Pali:
1094 4349 1358 4434 Impluviatum?
