3106 5048
711 377 751 388 ..
801 344 841 409 12
875 320 929 390 ’..

230 543 292 609 000
315 545 371 588 me
395 521 611 588 contendisse
634 521 861 590 Ambrosiano
895 524 982 590 libro
1016 547 1115 590 usum
1143 547 1217 590 esse
1252 525 1403 591 Nonium

140 653 145 671 ¹
231 638 358 724 dicant,
382 646 435 704 est
457 639 528 705 hic:
1126 727 1128 732 Α

335 779 368 842 p.
392 755 459 820 457
484 756 582 820 Truc.
607 756 651 820 Π.
678 757 707 821 2.
735 757 776 820 13
801 755 895 821 codd.
920 756 1074 821 Plautini
1098 757 1146 821 sic
1171 757 1346 822 exhibent:

387 871 503 936 BOD:
541 872 609 936 iam
642 871 755 936 hercle
791 894 853 957 ego
887 871 944 936 1110
973 877 1018 957 10,
1053 873 1184 958 mulier,
1223 873 1320 959 quasi
1345 896 1401 939 sus

443 988 579 1072 0010100,
604 987 747 1074 pedibus
770 994 941 1074 proteram

387 1101 434 1167 A:
460 1154 467 1168 .
493 1153 500 1168 .
526 1154 533 1168 .
560 1154 566 1168 .
593 1102 1227 1180 ounsrsusonruuosnumnn
1251 1157 1257 1170 .

334 1217 440 1284 Nonii
463 1218 559 1284 codd.
578 1241 695 1284 omnes
719 1219 810 1285 hunc
830 1220 941 1285 locum
964 1227 1003 1285 ut
1025 1221 1098 1285 Pall
1123 1221 1272 1306 tradunt,
1298 1244 1400 1306 quare

229 1334 302 1399 iure
327 1333 472 1419 quodam
508 1334 632 1399 dixerit
667 1336 753 1421 quis,
778 1342 874 1401 tanto
897 1336 935 1400 in
959 1359 1126 1402 00000000
1148 1359 1218 1402 000
1242 1337 1399 1402 dubitan-

135 1535 141 1554 ,
228 1449 309 1515 dum
333 1473 415 1535 esse,
442 1451 525 1535 quin
549 1451 662 1537 aliqua
684 1453 804 1516 relatio
828 1452 919 1516 inter
939 1453 1089 1518 Nonium
1112 1459 1147 1518 et
1161 1454 1237 1518 Pall
1253 1459 1399 1536 constet3

229 1572 263 1632 et
286 1590 340 1632 me
366 1590 499 1659 quoque
515 1567 579 1632 hoc
602 1567 640 1631 in
663 1569 737 1633 loco
754 1567 926 1634 dubitasse
942 1566 1060 1633 fateor.
1103 1568 1171 1634 Sed
1186 1575 1282 1635 tanta
1306 1571 1401 1656 copia

226 1684 387 1768 locorum,
411 1684 502 1750 unde
526 1683 617 1749 inter
631 1683 791 1749 Nonium
815 1690 849 1749 et
872 1685 947 1749 Pall
970 1685 1116 1749 multum
1140 1685 1305 1751 interesse
1329 1686 1399 1750 elu-

227 1806 290 1884 cet,
327 1799 369 1864 de
405 1800 528 1886 quibus
563 1800 653 1865 infra
687 1822 836 1886 agemuS,
873 1808 1058 1866 commotus
1082 1801 1173 1865 hunc
1197 1794 1400 1866 consensum

226 1938 306 1980 casu
329 1916 474 2001 quodam
491 1918 630 1982 allatum
647 1939 720 1981 esse
737 1939 867 1982 000000.
904 1916 1109 2003 Saepissime
1133 1939 1152 1981 a
1167 1916 1279 1983 Nonio
1295 1917 1399 1983 verba

225 2032 315 2097 inter
338 2055 374 2096 00
397 2038 589 2119 0000101010
613 2055 685 2096 0000
721 2038 755 2097 01
789 2033 857 2098 iam
881 2056 981 2119 supra
1005 2032 1152 2097 diximus
1178 2038 1212 2096 01
1235 2032 1399 2119 exemplis

225 2147 315 2213 infra
337 2147 550 2234 proferendis
573 2151 648 2213 1000
665 2149 788 2214 0100100
812 2149 1079 2234 demonstratum
1095 2149 1247 2235 1010010.
1289 2150 1399 2226 Quare

223 2263 280 2328 1110
304 2285 436 2349 quoque
459 2270 518 2329 aut
533 2265 683 2330 Nonium
700 2272 757 2330 aut
773 2270 891 2351 postea
907 2266 1107 2351 scriptorem
1134 2265 1241 2351 ipsius
1270 2264 1395 2330 codicis

223 2378 256 2444 A
278 2402 340 2465 per
362 2402 510 2445 errorem
532 2380 636 2445 verba
659 2380 749 2445 inter
772 2402 808 2444 se
832 2387 1055 2445 commutasse
1079 2381 1223 2445 credam.
1250 2417 1291 2423 —

331 2496 426 2560 Haec
449 2495 516 2561 duo
540 2503 621 2561 0001
644 2497 714 2563 0010
738 2497 899 2582 exempla,
925 2519 1009 2581 quac
1032 2501 1226 2582 repugnant
1249 2496 1301 2560 illi
1322 2518 1397 2560 sen-

171 2612 173 2617 ’
223 2611 361 2697 tentiae,
385 2634 485 2696 quam
501 2591 602 2698 supra
622 2612 854 2698 pronuntiavi,
871 2611 904 2676 A
929 2635 1003 2677 esse
1019 2611 1398 2699 fontemexemplorum

222 2728 460 2793 Plautinorum
482 2751 502 2793 a
524 2729 636 2794 Nonio
653 2751 670 2793 0
688 2729 929 2794 commentario
951 2730 1009 2794 1110
1030 2729 1158 2822 0101000
1174 2736 1394 2815 sumptorum,

224 2866 366 2930 quorum
382 2845 526 2940 alterum
543 2868 644 2930 quam
656 2845 830 2910 infirmum
849 2846 894 2910 sit
910 2843 1159 2910 demonstrasse
1176 2867 1239 2929 me,
1254 2846 1398 2910 alterum

216 2961 254 3051 si
276 2983 347 3026 non
369 2960 576 3048 repudiasse,
601 2967 752 3026 attamen
777 2962 962 3047 explicasse
987 2955 1149 3040 censeol).
1195 3034 1200 3042 .

213 3065 216 3069 ’
329 3077 440 3143 Venio
463 3099 555 3141 nunc
578 3076 621 3141 ad
645 3100 701 3143 eos
736 3079 836 3161 10000,
873 3077 995 3163 quibus
1024 3076 1289 3161 demonstratur,
1324 3078 1395 3142 Pal.

223 3193 419 3259 recensione
442 3215 511 3258 non
534 3216 632 3258 usum
653 3216 726 3284 0000
749 3193 909 3259 Nonium.
949 3192 1000 3258 Ac
1021 3193 1171 3278 primum
1194 3193 1332 3278 quidem
1355 3191 1397 3256 de

224 3309 267 3373 iis
303 3308 422 3393 dicam,
449 3309 508 3395 qui
543 3315 602 3374 aut
636 3309 770 3396 perdito
806 3317 865 3375 aut
899 3308 1128 3374 inextricabili
1150 3307 1184 3372 A
1206 3309 1291 3373 Pell.
1316 3307 1396 3373 solis

224 3424 437 3491 exhibentur.
486 3426 574 3492 Sunt
597 3433 716 3493 autem
733 3425 786 3490 hi:

330 3564 362 3627 p.
387 3543 417 3607 3.
440 3541 538 3606 Asin.
561 3542 588 3606 1.
613 3541 643 3606 3.
669 3542 713 3606 20
742 3541 873 3607 Nonius
908 3540 1046 3626 scripsit
1069 3539 1131 3605 sub
1153 3541 1266 3604 lemm.
1289 3538 1396 3605 hosti-

224 3652 391 3721 mentum:
418 3653 506 3741 „Par
527 3658 602 3744 pari
635 3657 881 3723 hostimentum
905 3656 1021 3750 datum
1045 3663 1106 3742 est,
1131 3679 1232 3743 00000
1254 3678 1315 3742 000
1339 3678 1396 3742 00-

224 3767 353 3837 cunia“.
400 3774 500 3838 Hanc
524 3774 726 3860 scripturam
746 3774 815 3838 illis
842 3773 1051 3859 temporibus
1080 3773 1256 3858 vulgatam
1280 3771 1395 3857 fuisse,

224 3887 306 3953 inde
322 3897 471 3976 apparet,
490 3890 579 3975 quod
594 3891 726 3956 Nonius
743 3891 808 3954 alio
824 3890 896 3955 loco
912 3912 944 3975 p.
962 3890 1081 3974 52827
1098 3889 1189 3954 idem
1205 3889 1397 3975 exemplum

226 4005 344 4070 eodem
378 4005 558 4072 verborum
593 4006 711 4071 ordine
747 4007 839 4090 citat,
875 4006 936 4071 ubi
969 4029 1013 4071 00
1036 4005 1236 4092 primarium
1260 4005 1397 4090 quidem

332 4199 360 4267 1)
397 4199 432 4254 de
450 4201 537 4255 lemm
550 4197 761 4271 ,‚,egurgitem“
781 4218 808 4270 p.
829 4201 880 4254 102
899 4180 1125 4271 110111111212
1145 4199 1196 4253 cfr.
1217 4216 1290 4270 quae
1309 4216 1397 4269 supra

225 4288 350 4343 diximus
368 4309 395 4361 p.
409 4291 435 4358 6,
454 4289 503 4343 ubi
521 4306 647 4360 prorsus,
667 4288 743 4360 quod
760 4307 826 4342 cum
839 4289 911 4342 Pall.
931 4289 1084 4360 consentit,
1102 4306 1154 4362 per
1171 4305 1297 4342 errorem
1309 4286 1396 4360 scrip·

226 4379 297 4435 toris
316 4392 412 4434 ortum
431 4395 493 4434 0000
510 4396 594 4453 posse
613 4378 886 4435 demonstravimus.
963 4386 965 4390 '
1046 4412 1047 4419 1
