3106 5048
665 351 924 438 mre-²

187 553 282 617 Haec
306 575 382 617 cum
405 553 505 619 video
529 553 559 618 si
582 552 667 638 fieri,
691 552 851 637 sussuror,
877 552 1054 640 supplicio,
1072 552 1182 640 dopda
1204 550 1295 638 (BD3
1322 553 1359 618 O.

189 667 382 754 depredam)
407 668 513 755 capio.
558 669 633 760 Hoc
655 668 744 733 nihil
768 691 840 733 esso
869 667 968 733 facile
1001 669 1144 761 quisque
1168 670 1359 754 intelleget3

188 791 223 848 et
246 807 322 849 cum
346 784 422 850 aliis
446 785 602 849 omnibus
625 784 739 850 verbis
755 790 828 849 turn
845 784 904 849 illo
921 785 1054 871 suppilo
1076 786 1245 869 Noniano,
1272 774 1362 870 quod

183 908 241 985 *ost
253 901 366 987 ipsum
381 902 514 986 lemma,
531 923 590 987 pro
607 899 775 988 supplicio
790 901 961 986 Plautino,
974 901 1048 965 luce
1065 901 1187 966 clarius
1201 923 1362 988 apparere

71 1054 75 1060 ·
188 1017 274 1082 mihi
297 1016 443 1102 videtur,
468 1024 502 1082 ot
525 1017 562 1081 in
585 1017 691 1082 Nonii
715 1017 955 1082 commentario
979 1017 1139 1082 Plautino
1163 1017 1226 1082 hoo
1250 1017 1363 1104 ipsum

128 1186 130 1199 .
189 1133 322 1218 suppilo
355 1132 512 1217 infuisso3
550 1155 652 1218 quare
680 1133 772 1198 illius
797 1133 1031 1198 commentarii
1054 1134 1198 1219 scriptor
1221 1133 1288 1198 alia
1310 1155 1361 1196 ro·

189 1249 347 1314 censione
382 1248 571 1314 fabularum
616 1246 854 1315 Plautinarum
888 1272 927 1315 ac
949 1250 1026 1314 Pall
1059 1272 1139 1314 usus
1173 1273 1246 1314 osse
1276 1249 1363 1314 mihi

188 1365 334 1431 videtur.

296 1504 328 1567 p.
353 1481 404 1546 72.
441 1481 537 1568 Capt.
559 1481 619 1547 IV.
656 1483 686 1546 2.
723 1481 919 1548 arnonius
949 1481 1011 1548 sub
1045 1483 1158 1547 lemm.
1189 1482 1364 1548 assulatim

191 1597 339 1683 scripsit:
380 1596 582 1682 Priusquam
626 1597 794 1685 pulsando
838 1598 1013 1662 assulatim
1052 1597 1180 1663 foribus
1222 1599 1365 1664 exitium
1487 1677 1489 1680 1

190 1712 287 1779 dabo.
333 1713 409 1777 Pall
432 1712 584 1778 tradunt:
609 1713 773 1800 pultando
798 1711 865 1795 [vel
887 1711 928 1795 B]
958 1696 1143 1780 assulatim.
1191 1715 1366 1801 Scriptura

191 1829 253 1895 cod
275 1830 305 1894 B
329 1835 467 1916 proptor
489 1852 625 1894 vorsum
648 1835 687 1894 ut
710 1829 795 1894 falsa
819 1830 1042 1914 cognoscitur.
1089 1830 1235 1896 Videtur
1258 1830 1366 1916 igitur

50 1938 74 2029 s
190 1945 322 2011 Nonius
357 1945 423 2010 alio
448 1945 564 2010 oodico
587 1968 667 2011 usus
692 1968 780 2029 esso,
806 1945 866 2010 sod
882 1946 924 2010 de
947 1945 1010 2012 hoo
1033 1946 1106 2012 loco
1122 1953 1219 2011 tanta
1241 1945 1366 2011 fiducia

192 2083 262 2127 non
285 2061 442 2146 iudicem,
468 2068 594 2146 quanta
617 2060 659 2125 de
682 2060 850 2147 prioribus
875 2046 1042 2128 omnibus,

297 2201 329 2264 p.
354 2179 408 2243 83.
432 2176 555 2243 Bachc.
579 2178 639 2242 IV.
662 2177 694 2243 4.
719 2178 761 2242 91
798 2177 859 2243 sub
883 2179 996 2243 lemm.
1028 2176 1196 2243 comedim
1218 2178 1365 2244 Nonius:

193 2293 306 2380 „quod
329 2280 407 2358 deni
438 2293 558 2358 scortis
587 2292 743 2377 quodque
763 2292 800 2358 in
827 2293 945 2358 lustris
975 2292 1142 2363 comedim
1170 2316 1365 2380 congregor,
1460 2383 1462 2388 Ι

191 2405 319 2496 pater.“
367 2400 424 2476 Sic
448 2431 565 2474 omnes
589 2408 684 2474 codd.
710 2409 883 2473 exhibent.
930 2410 1014 2473 Pall.
1041 2409 1206 2474 comedim
1231 2415 1265 2473 et
1288 2432 1365 2474 con-

192 2548 341 2611 gregem,
360 2525 450 2610 quod
471 2524 630 2610 intellegi
653 2523 792 2589 omnino
812 2547 881 2590 non
897 2529 1024 2611 potest;
1049 2525 1195 2589 coniecit
1217 2525 1273 2590 hic
1291 2548 1367 2590 cum

192 2664 317 2728 magna
329 2641 642 2706 verisimilitudinis
660 2640 772 2726 specie
790 2640 1016 2705 Camerarius:
1034 2621 1262 2726 congraocom,
1277 2642 1367 2727 quod
1419 2640 1422 2644 ’

194 2780 311 2824 omnes
326 2757 443 2822 Plauti
463 2757 631 2822 editiones
655 2765 868 2844 acceperunt.
903 2756 995 2822 Illud
1011 2779 1230 2842 congraocom
1246 2757 1367 2841 melius
1392 2812 1395 2819 .

193 2876 383 2958 essequam
407 2895 593 2958 congregor
616 2896 819 2959 quamquam
830 2896 930 2939 nemo
942 2873 1092 2960 negabit,
1110 2880 1226 2939 tamon
1253 2882 1368 2940 utrum

192 2996 323 3056 rectum
346 2990 392 3055 sit
414 3013 522 3055 necno
545 3012 615 3055 non
642 2996 754 3076 potest
777 2989 855 3055 dici.
914 2989 1009 3068 Quid
1028 2990 1065 3054 in
1084 2988 1121 3066 ,A
1144 2989 1257 3074 fuerit,
1291 3012 1367 3054 nes-

194 3106 318 3190 cimus3
344 3105 404 3170 sed
427 3107 502 3174 Pall
525 3106 581 3171 hic
604 3105 734 3172 fontem
757 3128 827 3171 non
851 3128 923 3171 esse
947 3111 1038 3191 puto.
1082 3106 1232 3171 Maxima
1255 3112 1368 3171 autern

194 3221 335 3287 audacia
369 3223 433 3287 hoc
467 3221 671 3287 contendam
705 3222 743 3286 in
765 3222 848 3308 loco,
884 3223 943 3306 qui
971 3222 1133 3308 sequitur,
1159 3244 1177 3286 o
1200 3222 1275 3286 Pall
1297 3243 1366 3285 non

193 3337 333 3403 fluxisse
356 3339 549 3424 exemplum
570 3337 781 3405 Plautinum:

301 3476 333 3540 p.
358 3454 411 3519 95.
436 3454 612 3519 Α111111.Π.
631 3455 660 3519 9.
689 3456 706 3519 1
731 3453 793 3519 sub
816 3435 930 3519 lomm.
957 3453 1147 3538 desquama.
1186 3454 1252 3517 Est
1276 3453 1368 3518 enim

195 3570 359 3635 traditum
393 3569 483 3656 apud
506 3570 670 3635 Nonium:
706 3572 841 3656 Dromo,
876 3570 1060 3656 desquama
1093 3568 1210 3655 piscis,
1236 3575 1274 3633 ut
1297 3569 1369 3633 Ma-

196 3685 342 3769 chaeri0,
383 3686 574 3772 Congrum,
614 3709 810 3751 muraenam
853 3686 1033 3770 exdorsua,
1074 3691 1238 3770 quantum
1261 3690 1368 3771 poteo.
1457 3748 1461 3755 ,

196 3802 259 3866 BD
283 3801 423 3866 habent:
461 3801 623 3887 desquam
656 3802 789 3890 aspicis,
825 3801 915 3889 quod
937 3802 1027 3866 nihil
1057 3809 1124 3885 est3
1155 3800 1214 3867 sod
1242 3801 1278 3866 in
1301 3800 1370 3865 fine

195 3918 348 3984 tradunt:
385 3925 539 3984 exossata
573 3917 627 3983 fac
656 3919 757 3984 sient.
814 3920 862 3984 Et
885 3918 922 3983 id
945 3940 1078 4004 quoque
1102 3916 1206 3983 scribi
1240 3917 1367 4004 potuit;

197 4034 257 4099 sed
279 4033 336 4099 hic
358 4055 461 4119 quam
484 4033 670 4099 clarissimo
694 4033 886 4100 ostenditur
908 4041 1038 4104 rectum
1055 4055 1137 4118 esso,
1164 4033 1253 4118 quod
1270 4055 1370 4118 supra

197 4149 355 4215 diximus
382 4185 423 4194 -
446 4149 577 4215 Eadem
600 4150 725 4215 fiducia
748 4151 895 4216 iudicem
919 4151 961 4216 do

303 4290 336 4352 p.
361 4266 414 4330 95.
439 4267 537 4352 Capt.
561 4266 624 4332 Π1.
647 4267 680 4331 4.
707 4268 771 4333 108
794 4267 856 4332 sub
890 4268 1004 4332 lomm.
1033 4265 1243 4349 deartuatus3
1268 4264 1372 4331 habet

198 4381 290 4447 enim
312 4381 444 4448 Nonius
480 4382 657 4468 scristum:
694 4389 768 4447 tum
802 4383 909 4468 igitur
943 4405 1006 4468 ego
1030 4383 1229 4448 dounoiatus
1255 4379 1370 4463 [denu-
