3106 5048
666 384 708 394 ..
755 350 885 413 28*-

256 541 257 544 ’
296 517 328 612 p.
353 527 641 592 54311111111111.
665 529 919 593 matulamtne
953 534 991 593 tu
1025 531 1177 615 postules
1200 531 1362 595 matulam

188 663 289 708 unam
305 642 380 707 -tibi
403 666 524 729 aquam
546 643 684 709 infundi
706 644 744 708 in
767 651 877 731 eaput.

187 772 189 778 ¹
295 785 383 851 Sunt
407 791 522 851 aniem
544 788 702 882 nonnulii
726 810 858 872 quoque
881 788 948 852 looi
971 787 1008 852 in
1030 780 1136 853 Nenii
1159 810 1274 874 opere,
1305 791 1364 875 qui

188 904 303 967 utrum
327 925 368 966 ex
390 903 476 968 Pall.
500 925 544 967 an
568 925 609 967 ex
631 901 857 972 Ambrosiana
879 904 1077 969 reeensione
1100 905 1274 990 fluxerint,
1312 906 1363 971 (11-

189 1017 333 1086 iudioari
355 1041 425 1083 non
440 1023 563 1105 porea,
588 1019 742 1103 quamvis
766 1020 902 1105 utrique
924 1020 1055 1085 oodioes
1078 1021 1176 1086 nobis
1200 1022 1271 1086 sint
1294 1045 1363 1087 ser-

187 1133 275 1216 vaii3
300 1134 337 1198 hi
361 1142 441 1200 suni
464 1135 516 1200 iili
539 1136 615 1219 loci,
639 1135 677 1199 in
701 1136 823 1221 quibus
846 1137 930 1200 Pall.
961 1159 1037 1201 eum
1066 1137 1128 1202 eod
1151 1136 1184 1202 A
1211 1138 1260 1202 ita
1284 1161 1362 1202 oon-

188 1251 354 1335 senffiunt,
378 1256 417 1315 ut
440 1251 569 1315 nullam
586 1251 815 1316 differentiam
839 1253 994 1317 invenire
1018 1253 1137 1340 possin.
1184 1253 1270 1318 inde
1293 1277 1362 1320 non

188 1390 347 1454 apparere
376 1366 437 1432 hos
465 1368 555 1432 locos
580 1391 598 1432 e
621 1353 705 1432 Pall.
734 1367 873 1432 haustas
903 1391 975 1433 esse
1003 1393 1022 1433 a
1045 1370 1157 1436 Nonio
1186 1375 1362 1435 eonsenta-

137 1463 155 1518 '.
187 1507 291 1548 neum
326 1489 387 1548 est.
447 1483 539 1560 Quin
562 1483 655 1547 enim
679 1484 817 1548 omnino
840 1491 983 1570 utraque
1010 1487 1163 1551 recensio
1191 1486 1235 1551 ad
1257 1509 1363 1551 unum

187 1599 411 1687 aroheiypum
444 1606 584 1687 speciei,
619 1622 719 1664 nemo
742 1600 891 1686 prudens
916 1601 1100 1686 dubitabit,
1130 1625 1233 1688 quare
1256 1590 1363 1667 inulta

187 1718 279 1782 inter
295 1697 558 1808 aas'eommunia
575 1738 648 1780 esse
666 1739 720 1781 res
736 1716 811 1802 ipsa
827 1717 935 1782 docet.
966 1717 1009 1782 In
1026 1717 1229 1803 quibusdam
1249 1724 1362 1783 autem

188 1856 313 1920 parvae
338 1839 418 1898 sunu
441 1831 665 1917 differentiae,
690 1832 790 1916 unde,
816 1833 846 1897 si
869 1833 1024 1920 pluribus
1048 1834 1260 1911 documentis
1284 1857 1362 1919 ege-

125 1960 128 1967 “
188 1972 312 2035 remuS,
337 1949 428 2014 idem
452 1949 684 2014 demensurare
700 1971 891 2035 possumus;
917 1949 976 2014 sed
1001 1951 1084 2015 satis
1105 1951 1361 2016 (1111101111ὺᾶ-

189 2089 254 2150 que
277 2067 481 2151 pratulisse.
513 2065 625 2159 Venio
648 2065 755 2150 igitur
779 2066 847 2130 iam
882 2065 924 2130 ad
949 2088 1004 2130 eos
1027 2067 1131 2150 locon,
1166 2066 1204 2130 in
1238 2064 1360 2150 quibus
1416 2060 1419 2079 ¹

188 2188 223 2246 et
245 2182 283 2246 in
306 2181 338 2248 A
363 2188 397 2246 et
419 2182 457 2246 in
479 2183 565 2247 Pall.
602 2181 746 2246 servatis
781 2189 840 2247 auo
873 2182 968 2246 nulla
1002 2181 1072 2246 fere
1106 2187 1166 2257 auh
1199 2181 1361 2246 minimae

187 2298 401 2383 differentiae
425 2305 515 2362 sunt.
562 2297 635 2361 Hos
659 2297 811 2367 breviier
833 2297 890 2363 hio
914 2297 1129 2362 enumerabo:

293 2464 326 2528 p.
351 2441 375 2505 6.
411 2440 473 2505 sub
502 2405 624 2505 iemm.
667 2441 813 2506 calvitur
856 2440 956 2505 afferi
995 2423 1136 2505 Nonius¹
1169 2439 1361 2525 exemplum

188 2558 263 2622 Cau.
288 2557 333 2640 Π,
358 2558 388 2621 2.
412 2557 448 2621 4:
472 2580 551 2622 nam
574 2557 634 2622 ubi
658 2557 750 2622 domi
774 2557 843 2621 sola
867 2578 950 2640 sum,
985 2556 1092 2641 Sopor
1115 2576 1234 2618 manus
1259 2554 1361 2618 ealvi-

152 2733 153 2736 ,
187 2676 253 2740 ι1111.
300 2673 397 2738 idem
419 2673 548 2737 habent
570 2672 603 2738 A
627 2679 661 2737 et
683 2696 762 2760 pars
785 2673 881 2756 Pan,
905 2694 982 2758 pars
1006 2670 1160 2756 calpitur.

294 2841 327 2904 p.
355 2816 581 2882 10Pers.11.
609 2818 637 2880 1.
662 2817 683 2880 2
707 2815 769 2880 sub
792 2816 904 2880 lamm.
939 2814 1045 2879 barda
1079 2813 1243 2878 traditum
1268 2819 1319 2878 esi
1343 2837 1363 2878 a

188 2933 315 2999 Nonio:
339 2933 451 2998 Nimis
475 2933 615 2998 tandem
638 2956 693 2997 me
717 2932 855 3018 quidem
878 2953 938 3017 pro
966 2930 1071 2996 barda
1095 2937 1129 2995 et
1152 2954 1212 3017 pro
1235 2930 1363 2995 rustica

187 3072 262 3114 reor
296 3049 448 3115 habitam
483 3072 556 3114 esse
591 3050 651 3131 abs
685 3055 729 3113 te.
789 3047 1000 3112 Ritsehelius
1035 3047 1125 3112 hune
1154 3069 1292 3112 versum
1315 3046 1364 3110 ita

188 3142 313 3250 mutae,
348 3171 387 3229 111
412 3165 516 3230 dieat:
551 3165 664 3231 Nimis
699 3163 838 3228 tandem
872 3187 927 3228 me
956 3163 1094 3249 quidem
1117 3185 1178 3250 pro
1201 3161 1306 3227 barda
1330 3168 1364 3226 et

188 3281 326 3365 bienna,
356 3287 395 3345 ut
417 3281 491 3368 ipse
515 3281 600 3346 dicit
622 3304 655 3368 p.
681 3280 723 3344 25
747 3279 790 3344 ad
814 3302 846 3344 v.
874 3281 935 3344 169
972 3281 1120 3367 exempli
1153 3303 1267 3364 eausa,
1302 3302 1363 3366 pro

189 3421 255 3484 quo
278 3403 394 3463 tamen
417 3397 510 3462 aliud
533 3397 776 3483 indegandum.
813 3396 992 3461 Traditum
1015 3404 1128 3461 autem
1152 3403 1213 3480 est,
1237 3403 1276 3460 ui
1296 3396 1364 3459 iam

189 3510 352 3599 diximuS,
388 3522 422 3580 eo
457 3515 494 3578 in
528 3513 561 3579 A
596 3520 630 3578 et
664 3513 702 3577 in
725 3514 825 3578 Pan:
861 3519 895 3576 et
929 3535 992 3600 pro
1016 3513 1152 3578 rustica.
1198 3511 1363 3577 Mutando

189 3631 400 3696 Ribsohelius
424 3652 581 3695 numeros
606 3629 838 3716 anapaestioos
862 3652 997 3694 servare
1026 3630 1114 3712 vult3
1152 3627 1211 3693 sed
1233 3628 1271 3692 hi
1295 3650 1363 3691 ser-

190 3754 314 3812 vantur
348 3770 387 3811 ea
423 3769 555 3832 quoque
579 3746 755 3832 seriptum,
782 3769 866 3831 quae
889 3746 1015 3811 tradita
1039 3751 1104 3830 esi,
1139 3751 1177 3810 ut
1205 3743 1296 3830 apud
1320 3742 1362 3834 A.

189 3864 328 3928 Maium.

296 4021 329 4084 p.
356 3999 396 4062 11
434 3997 496 4062 sub
523 3997 638 4062 lemm.
661 4019 761 4082 passo
786 3997 869 4062 citat
891 3997 1024 4063 Nonius
1049 3994 1155 4060 Stich.
1180 3994 1227 4058 ΙΙ.
1253 3995 1283 4058 2.
1307 3993 1361 4077 45,

192 4115 251 4200 qui
273 4137 392 4179 versus
416 4114 453 4177 in
475 4119 618 4198 utraque
642 4114 839 4178 recensione
864 4120 929 4178 est:
959 4113 1156 4197 inperium
1184 4117 1287 4175 vento
1312 4132 1363 4175 se·
1466 4096 1470 4103 ⁵

191 4231 310 4317 eundo,
335 4231 412 4295 velo
435 4252 533 4316 passo
556 4231 725 4317 pervenit.

298 4390 330 4454 p.
359 4365 422 4430 146
447 4365 508 4432 sub
531 4365 644 4432 lemm.
671 4365 930 4454 opulenuitaiem
953 4363 1084 4429 Nonius
1109 4361 1208 4427 affert
1231 4361 1305 4426 Mil.
1318 4360 1363 4447 gl.
