3106 5048
696 350 913 413 ..33..

217 528 349 593 Nonius
373 547 418 615 p.
431 529 474 593 76
499 551 540 592 ex
562 528 687 615 Amph.
713 528 774 593 sub
797 529 910 593 lemm.
933 535 1111 616 praesente
1135 521 1228 614 citat,
1245 529 1281 594 in
1304 531 1388 595 Pali.

218 644 331 730 tuerit,
357 644 581 710 dubitandum
606 651 666 709 est.
724 635 924 709 Invenimus
949 645 1041 709 enim
1064 645 1086 710 1.
1105 668 1131 710 o.
1157 668 1308 731 versum,
1332 648 1391 732 qui

218 760 259 825 ab
283 760 325 827 A.
350 761 441 826 Maio
465 749 663 825 numeratur
685 768 725 826 ut

324 877 369 942 Π.
395 878 424 942 2.
452 877 524 960 194,
550 877 738 961 aGoetziO,
756 877 929 962 UssingiO,
952 877 1176 942 Fleckeiseno
1193 883 1232 942 ut
1256 880 1389 965 spurius

216 990 357 1057 omnino
381 993 559 1059 omittitur.
606 992 756 1057 Additus
781 1000 832 1057 est
854 993 912 1057 hie
933 1016 1067 1058 versus:
1091 1016 1155 1065 neo
1178 995 1270 1058 notis
1293 1018 1389 1081 prae·
1427 1063 1431 1072 ,

203 1117 314 1196 ¹sente
337 1109 460 1194 aliquis
485 1109 663 1194 quisquam
685 1110 754 1174 nisi
779 1132 907 1193 servus,
923 1110 1072 1196 primum
1088 1134 1107 1174 a
1122 1111 1185 1175 Pio
1211 1132 1249 1195 „e
1274 1110 1389 1176 codiee

216 1225 422 1290 reverendae
457 1221 558 1308 fidei‘
594 1231 633 1289 ut
668 1225 768 1290 dicitv
786 1227 868 1311 ipse.
927 1225 995 1291 Sed
1022 1227 1124 1291 Pium
1157 1232 1268 1290 totum
1298 1226 1389 1292 hune

216 1341 327 1405 iocum
352 1363 393 1405 ex
415 1342 479 1406 hoe
502 1342 608 1407 Nonii
630 1343 703 1407 loeo
728 1348 762 1407 et
778 1364 820 1405 ex
835 1340 972 1406 Afranii
987 1343 1151 1427 versibus
1176 1343 1236 1427 qni
1266 1351 1300 1408 et
1322 1342 1390 1427 ipsi

217 1479 236 1520 a
258 1457 369 1522 Nonio
392 1458 449 1523 hio
473 1459 631 1549 citantur,
659 1459 896 1544 composuisse,
922 1458 1168 1523 demonstravit
1194 1459 1388 1545 Ussingius.

217 1573 286 1638 Sed
308 1580 386 1638 utut
401 1586 462 1639 'res
497 1575 667 1659 sehabet,
693 1575 766 1639 sine
789 1575 857 1639 ullo
882 1574 985 1647 dubio
1009 1575 1141 1640 Nonius
1157 1575 1195 1638 in
1218 1597 1278 1639 suo
1302 1599 1389 1640 eom-

216 1691 383 1756 mentario
399 1691 460 1756 hos
478 1714 595 1756 versus
612 1692 706 1776 legit,
732 1712 814 1775 quos
831 1691 868 1753 in
884 1691 968 1755 Pali.
986 1691 1099 1775 aliquo
1123 1712 1202 1754 casu
1223 1685 1390 1755 exeidisse

216 1807 310 1870 nulla
333 1829 369 1871 re
393 1813 548 1876 testatur.
597 1808 680 1884 Quis
704 1808 810 1892 igitur
834 1805 1015 1889 dubitabit,
1040 1806 1123 1891 quin
1146 1828 1188 1869 ex
1208 1807 1273 1870 alio
1293 1805 1389 1875 fonte

215 1922 367 1987 hauserit
391 1922 420 1987 is
445 1930 698 2009 commentator,
723 1947 788 2008 quo
812 1924 944 1989 Nonius
967 1946 1048 1987 usus
1073 1924 1144 1987 est?

221 2051 223 2054 <
323 2012 421 2090 Quod
444 2021 559 2078 autem
582 2013 639 2078 hio
663 2035 795 2099 quoque
818 2013 920 2077 multi
946 2013 1013 2078 looi
1037 2019 1130 2097 sunt,
1159 2012 1219 2097 qui
1252 2034 1294 2076 ex
1326 2012 1411 2077 hoe‘

210 2128 346 2192 minore
370 2129 611 2193 commentario
636 2130 764 2215 sumpti
788 2152 864 2193 eum
887 2129 963 2193 Pal]
987 2117 1220 2213 consentiunt,
1252 2129 1389 2193 demon-

216 2251 323 2309 strare
346 2244 435 2309 nihil
457 2251 581 2330 potest,
618 2245 706 2330 quia,
742 2250 781 2308 ut
805 2267 906 2330 supra
929 2243 971 2307 de
1000 2245 1112 2328 priore
1148 2244 1389 2308 commentario

217 2360 494 2444 ostendimu's,A
519 2366 553 2426 et
576 2361 651 2424 Pali
675 2361 711 2424 in
734 2360 912 2445 permultis
941 2359 1034 2432 loeis
1061 2360 1252 2434 consentire
1287 2360 1323 2422 in
1351 2381 1387 2422 re

215 2476 291 2563 ipsa
314 2477 463 2563 positum
488 2483 549 2542 est.
596 2477 664 2541 Hic
688 2498 821 2561 quoque
856 2498 971 2540 omnes
1008 2475 1085 2539 illos
1120 2477 1209 2540 looos
1240 2474 1390 2539 breviter

101 2630 103 2639 .
218 2592 499 2658 enumerabimus

325 2733 358 2797 p.
382 2711 426 2775 43
452 2709 513 2774 sub
536 2711 838 2774 lemmateverna:
863 2706 988 2794 Amph.
1013 2709 1040 2772 I.
1068 2708 1095 2771 1.
1121 2702 1208 2801 25,1)

325 2839 357 2904 p.
381 2818 425 2881 43
475 2868 489 2902 „
598 2868 612 2902 „
724 2815 922 2880 concinnas:
947 2814 1071 2900 Amph.
1097 2816 1123 2879 Ι.
1149 2816 1179 2880 3.
1205 2816 1257 2880 31.

218 3007 219 3010 Ἴ
326 2947 357 3011 p.
382 2925 427 2989 44
476 2975 490 3009 ,,
600 2913 629 3010 ,,’
728 2923 958 2989 oaioitronem:
983 2921 1081 2987 Asin.
1105 2922 1151 2986 Π.
1177 2923 1207 2987 3.
1235 2923 1286 2987 11.

324 3055 356 3118 p.
380 3032 424 3096 45
474 3083 489 3117 „
596 3082 611 3117 „
722 3030 895 3095 verberas:
919 3028 999 3094 Aul.
1024 3029 1052 3094 I.
1080 3032 1107 3093 1.
1134 3030 1164 3094 3.

323 3164 355 3227 p.
379 3140 423 3204 45
473 3191 488 3225 „
596 3190 610 3223 „
724 3159 867 3202 cassam:
891 3136 969 3200 Aul.
993 3137 1039 3201 Π.
1064 3138 1094 3201 2.
1123 3136 1174 3200 14.

258 3258 261 3271 “
327 3270 359 3333 p.
385 3247 427 3311 79
478 3298 492 3332 „
600 3297 614 3331 „
725 3244 895 3310 baiulabo:
918 3242 1015 3308 Asin.
1040 3244 1105 3308 III.
1131 3245 1160 3308 3.
1187 3238 1274 3325 W)
1382 3300 1383 3303 ,

324 3377 356 3441 p.
381 3354 425 3418 85
446 3388 489 3439 κ,
597 3404 612 3439 ,,
725 3351 959 3436 coquinatum:
983 3349 1061 3415 Aul.
1085 3350 1149 3415 ΙΠ.
1177 3351 1205 3415 1.
1231 3351 1262 3414 3.

327 3485 360 3548 p.
388 3462 450 3525 112
478 3513 492 3546 „
601 3512 622 3546 ,,.
726 3458 873 3523 frausus:
898 3457 986 3523 Asin
1009 3458 1054 3522 H.
1079 3459 1109 3521 2.
1135 3458 1186 3521 20.

324 3591 357 3654 p.
385 3570 449 3632 118
475 3619 490 3654 ,,
599 3619 612 3652 ,,
725 3587 860 3651 gerrae:
884 3564 973 3629 Asin
995 3565 1058 3630 HI.
1084 3566 1115 3629 3.
1142 3565 1193 3629 10.

327 3745 354 3810 1)
391 3743 477 3815 Apud
487 3744 614 3797 Nonium
633 3748 662 3797 et
681 3743 711 3796 in
721 3743 793 3796 Pall.
808 3741 857 3795 hio
869 3758 970 3796 versus
983 3745 1041 3794 est:
1061 3740 1116 3807 hio,
1137 3739 1186 3810 qui
1199 3757 1288 3794 verna
1307 3743 1394 3792 natus
1451 3732 1454 3738 ’

220 3840 271 3904 est,
285 3833 423 3904 queritur,
438 3851 523 3904 quem
532 3851 620 3903 quare
632 3831 823 3886 Ritsohelius:
836 3836 961 3901 „natust,
973 3828 1173 3900 0011111111111111α
1188 3827 1393 3897 emendaverit,

218 3942 278 3978 non
296 3923 443 3993 intellego
480 3921 577 3976 Seouti
596 3926 665 3975 sunt
684 3940 750 3975 eum
769 3920 971 3974 Fleckeisenus
991 3925 1019 3973 et
1039 3919 1202 3989 Ussingius.

326 4014 355 4078 2)
392 4012 448 4065 Hie
468 4011 548 4065 loeus
567 4011 644 4082 apud
656 4011 784 4065 Nonium
801 4017 857 4064 est:
877 4011 940 4080 Ego
958 4008 1100 4077 baiulab0,
1120 4014 1161 4077 tu,
1177 4012 1209 4060 ut
1223 4007 1304 4061 decet
1317 4000 1394 4060 dolo·

219 4120 298 4172 num,
317 4106 385 4156 ante
404 4119 451 4154 me
467 4101 508 4154 ito
522 4099 625 4169 inania,
645 4101 722 4170 quod
735 4116 834 4154 omnes
847 4099 927 4153 codd.
942 4097 1021 4151 dant.
1048 4098 1083 4150 in
1096 4097 1168 4150 Pali.
1182 4115 1233 4167 pro
1248 4096 1393 4164 dolonum,

220 4192 296 4262 quod
308 4191 381 4245 nihil
395 4197 446 4256 est,
458 4189 608 4244 dominum
626 4189 798 4257 invenimus,
818 4188 895 4258 quod
908 4205 1082 4257 quamquam
1099 4186 1184 4240 facile
1200 4204 1251 4256 per
1268 4202 1394 4238 errorem

220 4280 367 4352 scriptoris
386 4280 416 4333 in
436 4280 572 4334 dolonum
598 4278 722 4333 transire
744 4277 848 4351 potuit,
877 4281 974 4330 tamen
993 4276 1072 4331 haud
1091 4275 1150 4331 scio
1178 4295 1215 4329 an
1234 4275 1306 4329 Pail.
1336 4293 1394 4328 non

221 4370 378 4442 exscriptos
397 4387 458 4424 esse
477 4370 585 4425 doceat.
