3106 5048
667 315 885 423 „354

190 541 298 605 solnm
325 545 457 603 reotum
487 555 559 604 esse
587 561 706 604 versus
742 538 854 623 docet,
891 561 983 626 oum,
1020 539 1111 625 quod
1146 539 1230 605 Pall.
1268 539 1374 625 dant,-

188 655 325 720 tolerari
358 655 495 720 omnino
524 678 594 721 non
621 655 744 742 possit:
780 656 907 742 paratis
946 651 1048 740 atque
1083 650 1268 740 exornatis,
1305 656 1361 721 eui

186 773 375 858 scripturae
398 794 516 837 versus
541 772 613 858 ipse
637 777 815 858 repugnat.
848 771 904 835 Ad
928 772 1110 836 maximam
1134 776 1247 836 autem
1271 773 1359 837 veri·

189 887 450 952 similitudinem
484 886 662 974 redigitur,
700 887 790 973 quod
825 887 1112 974 supradiximus,
1142 888 1248 953 Nonii
1272 905 1360 954 oom-

189 1004 393 1068 mentarium
420 1004 619 1067 Plautinum
651 1003 898 1091 alienissimum
926 1025 999 1068 esse
1028 1027 1056 1068 a.
1088 1005 1173 1069 Pall.
1204 1027 1356 1089 eversa,

187 1143 289 1205 quern
314 1120 396 1184 citat
419 1119 550 1184 Nonius
992 1182 998 1194 .

295 1257 327 1320 p.
355 1236 419 1300 128
442 1259 485 1300 ex
507 1236 632 1322 Amph.
656 1235 683 1300 I.
704 1236 731 1299 1.
750 1236 794 1299 54
810 1235 880 1300 sub.
898 1235 1011 1299 lemm.
1034 1235 1150 1320 igitur.
1190 1237 1363 1323 Scriptum

190 1353 281 1417 enim
305 1352 499 1417 invenimus
528 1353 565 1415 in
588 1352 703 1416 Plauti
732 1350 918 1416 eodioibus:
954 1353 1016 1417 sin
1044 1352 1143 1417 aliter
1171 1348 1261 1417 sient
1289 1354 1361 1418 ani-

189 1469 272 1533 mati
294 1490 405 1553 neque
429 1469 512 1533 dent
535 1467 620 1553 q‘uae
644 1472 771 1554 petant,
798 1467 879 1531 Sese
904 1468 1010 1552 igitur
1033 1490 1165 1532 summa
1186 1469 1225 1533 vi
1239 1492 1359 1553 resque

189 1607 304 1649 eorum
328 1590 582 1670 oppugnatusse
606 1584 777 1669 oppidum.
813 1583 856 1647 Id
878 1578 1053 1670 scripsisse
1076 1585 1188 1670 ipsum
1211 1585 1361 1650 Nonium

57 1750 62 1759 .
189 1723 288 1766 nemo
312 1700 436 1784 credet,
462 1700 521 1764 sed
544 1700 627 1764 haee
651 1698 735 1764 fere:
765 1699 826 1764 sin
850 1700 949 1763 aliter
973 1700 1063 1764 sient
1086 1699 1228 1766 animati
1251 1723 1361 1787 neque

190 1817 286 1900 dent,
324 1840 408 1901 quae
443 1822 551 1903 petat,
588 1816 669 1880 Sese
705 1816 812 1900 igitur
844 1838 974 1880 summa
1004 1817 1040 1881 vi
1066 1811 1218 1902 virisque
1247 1839 1362 1882 eorum
1489 1898 1493 1903 .

190 1939 419 2020 oppugnatum
457 1933 507 1997 ire
542 1930 718 2018 oppidum;
751 1937 871 2017 petant
899 1954 965 2019 pro
1001 1937 1097 2018 petat
1119 1935 1217 2019 lapsu
1241 1933 1362 1998 calami

190 2056 301 2113 ortum
325 2054 389 2130 001;
415 2054 672 2132 oppugnatasse‚
699 2047 789 2131 quod
812 2048 950 2112 omnino
966 2048 1054 2112 nihil
1070 2055 1131 2134 est,
1155 2070 1216 2134 pro
1234 2057 1360 2135 oppag-

189 2172 309 2230 natum
337 2165 386 2228 ire
421 2162 581 2228 facillime
616 2163 686 2248 legi
713 2185 812 2249 posse
840 2185 939 2228 nerno
974 2163 1141 2250 negabit,¹
1165 2186 1267 2250 quare
1302 2166 1361 2229 illa

192 2280 402 2358 Quieheratii
426 2280 617 2344 oonieetura
639 2287 678 2344 ut
701 2285 793 2343 reota
816 2280 1011 2365 recipienda
1035 2281 1108 2345 erit.
1148 2282 1361 2346 Pallantem

186 2397 329 2463 habent:
347 2384 509 2482 oppidum
521 2418 770 2481 expugnassere
787 2396 861 2459 sive
874 2419 1097 2482 expugnasse,
1115 2397 1205 2482 quod
1217 2394 1361 2462 formam

147 2597 150 2601 ¹
188 2518 438 2601 expugnassere
463 2513 607 2598 soriptor
635 2534 705 2576 non
733 2511 914 2576 intellexit.
961 2512 1074 2577 Verba
1101 2513 1184 2577 haee
1207 2514 1298 2579 inter
1325 2536 1361 2578 se

187 2636 327 2714 mutata,
359 2629 553 2693 infinitivus
580 2627 665 2714 perf.
693 2651 753 2713 pro
785 2627 859 2712 fue,
890 2629 1032 2693 verbum
1058 2628 1278 2716 expugnandi
1301 2652 1361 2716 pro

188 2745 417 2832 oppugnandi,
443 2767 528 2830 quae
552 2744 589 2807 in
612 2744 697 2809 Pall.
723 2744 810 2807 male
834 2744 1026 2828 traduntur,
1051 2747 1126 2809 luee
1151 2745 1361 2810 0100100.ἀο-

96 2936 98 2941 ,
188 2866 390 2944 monstrant,
426 2861 516 2924 inter
542 2860 648 2924 Nonii
670 2860 949 2924 commentarium
975 2861 1174 2925 Plautinum
1201 2868 1236 2925 et
1262 2862 1360 2925 Pala·

187 2978 278 3042 tinos
302 2977 390 3040 nihil
414 2999 487 3041 esse
511 2999 698 3040 commune.

294 3093 375 3156 Pari
398 3092 469 3157 fere
493 3092 697 3157 certitudine
721 3092 812 3157 idern
834 3099 885 3157 est
902 3091 1176 3156 contendendum
1198 3092 1240 3156 de
1261 3114 1362 3157 versu

188 3233 220 3295 p.
252 3209 316 3273 144
349 3231 390 3272 ex
419 3209 496 3272 Aul.
525 3208 588 3273 ΙΙΙ.
623 3209 661 3303 5.⁴
683 3210 724 3273 51
761 3209 823 3274 sub
858 3210 969 3273 lemm.
1006 3208 1213 3293 nugivendis
1248 3209 1359 3273 allato.

188 3324 294 3390 Totus
309 3324 366 3388 hio
381 3325 474 3388 loous
491 3325 582 3410 apud
601 3325 753 3389 Nonium
774 3331 839 3389 est:
867 3324 1110 3410 „Nugivendos
1127 3325 1268 3388 Plautus
1292 3324 1363 3389 dioi

118 3451 120 3456 '
187 3441 297 3507 voluit
320 3462 447 3524 omnes,
473 3441 532 3525 qui
556 3440 687 3525 aliquid
711 3440 910 3505 mulieribus
933 3435 1117 3524 vendant“,
1143 3462 1208 3524 quo
1237 3440 1361 3505 ultimo

189 3557 292 3621 verbo
310 3558 512 3642 exemplum,
536 3563 576 3620 ut
592 3580 611 3620 a
626 3557 737 3622 Nonio
754 3556 910 3640 traditur,
933 3556 1165 3621 confirmatur:
1185 3556 1245 3620 ubi
1260 3558 1360 3642 nugi-

189 3672 311 3736 vendis
334 3695 387 3737 res
412 3673 521 3737 soluta
546 3678 605 3737 est·
621 3672 791 3757 omnibUS‚
819 3695 881 3759 pro
910 3695 975 3757 quo
1003 3672 1131 3737 habent
1153 3674 1237 3737 Pall.
1263 3674 1362 3759 nugi·

191 3788 328 3873 gerulis,
353 3788 444 3873 quod
468 3811 670 3873 quamquam
694 3811 754 3875 per
778 3812 814 3853 se
836 3812 907 3853 esse
924 3789 1045 3875 potuit,
1070 3793 1187 3853 tamen
1203 3791 1362 3855 lemmate

189 3904 263 3989 ipso
291 3904 500 3990 repudiatur.
551 3904 727 3967 Lemmata
762 3905 836 3990 ipso
861 3911 997 3969 tenetur
1025 3910 1059 3968 01
1087 3905 1229 3969 verbum
1256 3907 1361 3970 rumi-

190 4019 303 4084 ferant
329 4043 361 4105 p.
390 4021 452 4083 166
481 4020 519 4099 in
545 4043 646 4085 versu
674 4020 799 4106 Amph.
830 4019 875 4083 Π.
901 4023 930 4085 2.
955 4022 1008 4104 46,
1039 4022 1076 4084 in
1105 4044 1169 4105 quo
1197 4021 1362 4087 traditum

191 4142 243 4199 est
266 4135 355 4220 apud
378 4136 544 4200 Nonium:
575 4159 742 4221 quamque
766 4135 842 4201 ideo
867 4137 952 4200 oivis
976 4136 1132 4201 Thebani
1154 4159 1234 4202 vero
1258 4139 1361 4202 rumi-

190 4250 302 4316 ferant
324 4249 478 4336 probam,
508 4251 566 4315 ubi
590 4251 717 4317 habent
739 4253 823 4316 Pall.
854 4253 1004 4317 aden...
1028 4253 1231 4317 rumifioant.
1280 4255 1360 4318 Ger-

191 4367 322 4431 tissime
347 4372 460 4431 alitem
484 4375 601 4432 eontra
623 4369 708 4432 Pall.
734 4375 865 4454 pugnat
888 4368 1082 4454 exemplum

1148 4469 1183 4526 3*
